<?xml version="1.0" encoding="UTF-8"?>
<!DOCTYPE html PUBLIC "-//W3C//DTD XHTML 1.0 Transitional//EN"
    "http://www.w3.org/TR/xhtml1/DTD/xhtml1-transitional.dtd">
<html xmlns="http://www.w3.org/1999/xhtml" xml:lang="en" lang="en">
 <head>
  <title>
</title>
<meta http-equiv="Content-Type" content="text/html;charset=utf-8" />
  <meta name='ocr-system' content='tesseract 3.04.00' />
  <meta name='ocr-capabilities' content='ocr_page ocr_carea ocr_par ocr_line ocrx_word'/>
</head>
<body>
  <div class='ocr_page' id='page_1' title='image "./quaestionumhome00haaggoog_0036.png"; bbox 0 0 2692 4334; ppageno 0'>
   <div class='ocr_carea' id='block_1_1' title="bbox 1376 255 1458 320">
    <p class='ocr_par' dir='ltr' id='par_1_1' title="bbox 1376 255 1458 320">
     <span class='ocr_line' id='line_1_1' title="bbox 1376 255 1458 320; baseline -0.012 0"><span class='ocrx_word' id='word_1_1' title='bbox 1376 255 1458 320; x_wconf 82' lang='lat'><strong>32</strong></span> 
     </span>
    </p>
   </div>
   <div class='ocr_carea' id='block_1_2' title="bbox 1213 340 1622 352">
    <p class='ocr_par' dir='ltr' id='par_1_2' title="bbox 1213 340 1622 352">
     <span class='ocr_line' id='line_1_2' title="bbox 1213 340 1622 352; baseline 0 3982"><span class='ocrx_word' id='word_1_2' title='bbox 1213 340 1622 352; x_wconf 95' lang='lat' dir='ltr'><strong> </strong></span> 
     </span>
    </p>
   </div>
   <div class='ocr_carea' id='block_1_3' title="bbox 398 454 2460 752">
    <p class='ocr_par' dir='ltr' id='par_1_3' title="bbox 398 454 2460 752">
     <span class='ocr_line' id='line_1_3' title="bbox 398 454 2454 548; baseline 0 -26"><span class='ocrx_word' id='word_1_3' title='bbox 398 459 519 522; x_wconf 81' lang='grc' dir='ltr'>καὶ-</span> <span class='ocrx_word' id='word_1_4' title='bbox 544 479 669 548; x_wconf 70' lang='lat' dir='ltr'><strong>zat-s</strong></span> <span class='ocrx_word' id='word_1_5' title='bbox 710 458 808 522; x_wconf 63' lang='lat' dir='ltr'><strong>ent</strong></span> <span class='ocrx_word' id='word_1_6' title='bbox 848 460 1133 548; x_wconf 80' lang='grc' dir='ltr'>κογκυλω</span> <span class='ocrx_word' id='word_1_7' title='bbox 1176 463 1386 524; x_wconf 82' lang='lat' dir='ltr'><strong>eadem</strong></span> <span class='ocrx_word' id='word_1_8' title='bbox 1429 482 1608 524; x_wconf 85' lang='lat' dir='ltr'><strong>manu</strong></span> <span class='ocrx_word' id='word_1_9' title='bbox 1651 462 1873 524; x_wconf 78' lang='lat' dir='ltr'><strong>exarati</strong></span> <span class='ocrx_word' id='word_1_10' title='bbox 1914 454 1972 522; x_wconf 59' lang='lat' dir='ltr'><strong>i&#39;n</strong></span> <span class='ocrx_word' id='word_1_11' title='bbox 2006 462 2273 541; x_wconf 79' lang='lat' dir='ltr'>margine</span> <span class='ocrx_word' id='word_1_12' title='bbox 2305 479 2454 524; x_wconf 88' lang='lat' dir='ltr'><strong>con-</strong></span> 
     </span>
     <span class='ocr_line' id='line_1_4' title="bbox 398 560 2460 644; baseline 0 -18"><span class='ocrx_word' id='word_1_13' title='bbox 398 566 732 644; x_wconf 79' lang='lat' dir='ltr'><strong>spiciuntur</strong></span> <span class='ocrx_word' id='word_1_14' title='bbox 771 565 986 626; x_wconf 81' lang='lat' dir='ltr'><strong>ductus</strong></span> <span class='ocrx_word' id='word_1_15' title='bbox 1017 583 1136 626; x_wconf 86' lang='lat' dir='ltr'><strong>non</strong></span> <span class='ocrx_word' id='word_1_16' title='bbox 1168 566 1416 643; x_wconf 80' lang='lat' dir='ltr'><strong>integri,</strong></span> <span class='ocrx_word' id='word_1_17' title='bbox 1449 560 1556 627; x_wconf 81' lang='lat' dir='ltr'><strong>sed</strong></span> <span class='ocrx_word' id='word_1_18' title='bbox 1602 567 1858 627; x_wconf 86' lang='lat' dir='ltr'><strong>truncati</strong></span> <span class='ocrx_word' id='word_1_19' title='bbox 1900 584 1937 625; x_wconf 85' lang='lat' dir='ltr'><strong>a</strong></span> <span class='ocrx_word' id='word_1_20' title='bbox 1967 565 2346 644; x_wconf 80' lang='lat' dir='ltr'><strong>bibliopego‚</strong></span> <span class='ocrx_word' id='word_1_21' title='bbox 2379 585 2460 627; x_wconf 86' lang='lat' dir='ltr'><strong>ex</strong></span> 
     </span>
     <span class='ocr_line' id='line_1_5' title="bbox 399 653 2458 752; baseline -0.001 -24"><span class='ocrx_word' id='word_1_22' title='bbox 399 668 616 748; x_wconf 88' lang='lat' dir='ltr'><strong>quibus</strong></span> <span class='ocrx_word' id='word_1_23' title='bbox 636 667 777 728; x_wconf 90' lang='lat' dir='ltr'><strong>olim</strong></span> <span class='ocrx_word' id='word_1_24' title='bbox 797 667 1136 745; x_wconf 83' lang='lat' dir='ltr'><strong>suspicatus</strong></span> <span class='ocrx_word' id='word_1_25' title='bbox 1161 673 1256 728; x_wconf 88' lang='lat' dir='ltr'><strong>est</strong></span> <span class='ocrx_word' id='word_1_26' title='bbox 1270 666 1532 728; x_wconf 77' lang='lat' dir='ltr'><strong>Haasius</strong></span> <span class='ocrx_word' id='word_1_27' title='bbox 1551 662 1840 746; x_wconf 86' lang='lat' dir='ltr'><strong>scriptum</strong></span> <span class='ocrx_word' id='word_1_28' title='bbox 1857 668 2075 729; x_wconf 82' lang='lat' dir='ltr'><strong>fuisse’</strong></span> <span class='ocrx_word' id='word_1_29' title='bbox 2084 653 2458 752; x_wconf 74' lang='grc' dir='ltr'>Αθηνοὸὂρῳ</span> 
     </span>
    </p>
   </div>
   <div class='ocr_carea' id='block_1_4' title="bbox 270 750 2455 854">
    <p class='ocr_par' dir='ltr' id='par_1_4' title="bbox 270 750 2455 854">
     <span class='ocr_line' id='line_1_6' title="bbox 270 750 2455 854; baseline 0.001 -26"><span class='ocrx_word' id='word_1_30' title='bbox 270 814 283 818; x_wconf 81' lang='grc'>-</span> <span class='ocrx_word' id='word_1_31' title='bbox 399 764 646 836; x_wconf 71' lang='grc' dir='ltr'><strong>ἐπίκλην</strong></span> <span class='ocrx_word' id='word_1_32' title='bbox 668 750 1109 854; x_wconf 74' lang='grc' dir='ltr'><strong>Κορδυλίωνι.</strong></span> <span class='ocrx_word' id='word_1_33' title='bbox 1130 771 1219 830; x_wconf 86' lang='lat' dir='ltr'><strong>Ac</strong></span> <span class='ocrx_word' id='word_1_34' title='bbox 1248 769 1566 831; x_wconf 83' lang='lat' dir='ltr'><strong>Cramerns</strong></span> <span class='ocrx_word' id='word_1_35' title='bbox 1596 771 1908 832; x_wconf 82' lang='lat' dir='ltr'><strong>annotauit</strong></span> <span class='ocrx_word' id='word_1_36' title='bbox 1935 789 2148 830; x_wconf 85' lang='lat' dir='ltr'><strong>reuera</strong></span> <span class='ocrx_word' id='word_1_37' title='bbox 2178 771 2455 848; x_wconf 87' lang='lat' dir='ltr'><strong>potuisse</strong></span> 
     </span>
    </p>
   </div>
   <div class='ocr_carea' id='block_1_5' title="bbox 395 871 2460 1048">
    <p class='ocr_par' dir='ltr' id='par_1_5' title="bbox 395 871 2460 1048">
     <span class='ocr_line' id='line_1_7' title="bbox 403 871 2460 950; baseline -0.001 -18"><span class='ocrx_word' id='word_1_38' title='bbox 403 872 853 933; x_wconf 74' lang='lat' dir='ltr'><strong>Athenodorum</strong></span> <span class='ocrx_word' id='word_1_39' title='bbox 901 871 1320 950; x_wconf 73' lang='lat' dir='ltr'><strong>Cordylionem</strong></span> <span class='ocrx_word' id='word_1_40' title='bbox 1375 873 1673 933; x_wconf 73' lang='lat' dir='ltr'><strong>nominari</strong></span> <span class='ocrx_word' id='word_1_41' title='bbox 1718 892 1754 933; x_wconf 84' lang='lat' dir='ltr'><strong>a</strong></span> <span class='ocrx_word' id='word_1_42' title='bbox 1795 872 2184 950; x_wconf 82' lang='lat' dir='ltr'><strong>grammatico</strong></span> <span class='ocrx_word' id='word_1_43' title='bbox 2221 888 2341 931; x_wconf 90' lang='lat' dir='ltr'><strong>non</strong></span> <span class='ocrx_word' id='word_1_44' title='bbox 2384 877 2460 931; x_wconf 85' lang='lat' dir='ltr'><strong>ut</strong></span> 
     </span>
     <span class='ocr_line' id='line_1_8' title="bbox 395 973 2459 1048; baseline 0 -14"><span class='ocrx_word' id='word_1_45' title='bbox 395 973 698 1034; x_wconf 81' lang='lat' dir='ltr'><strong>Pisistrati</strong></span> <span class='ocrx_word' id='word_1_46' title='bbox 745 975 968 1034; x_wconf 88' lang='lat' dir='ltr'><strong>socium</strong></span> <span class='ocrx_word' id='word_1_47' title='bbox 990 1019 1006 1046; x_wconf 88' lang='lat'>,</span> <span class='ocrx_word' id='word_1_48' title='bbox 1037 974 1145 1034; x_wconf 89' lang='lat' dir='ltr'><strong>sed</strong></span> <span class='ocrx_word' id='word_1_49' title='bbox 1195 979 1263 1035; x_wconf 87' lang='lat' dir='ltr'><strong>ut</strong></span> <span class='ocrx_word' id='word_1_50' title='bbox 1290 980 1627 1048; x_wconf 82' lang='lat' dir='ltr'>auctorem,</span> <span class='ocrx_word' id='word_1_51' title='bbox 1661 975 1820 1034; x_wconf 87' lang='lat' dir='ltr'><strong>unde</strong></span> <span class='ocrx_word' id='word_1_52' title='bbox 1853 992 1963 1035; x_wconf 91' lang='lat' dir='ltr'><strong>sua</strong></span> <span class='ocrx_word' id='word_1_53' title='bbox 1993 973 2067 1035; x_wconf 89' lang='lat' dir='ltr'><strong>de</strong></span> <span class='ocrx_word' id='word_1_54' title='bbox 2096 973 2459 1034; x_wconf 80' lang='lat' dir='ltr'><strong>Pisistratea</strong></span> 
     </span>
    </p>
   </div>
   <div class='ocr_carea' id='block_1_6' title="bbox 283 1075 2458 1137">
    <p class='ocr_par' dir='ltr' id='par_1_6' title="bbox 283 1075 2458 1137">
     <span class='ocr_line' id='line_1_9' title="bbox 283 1075 2458 1137; baseline -0 -1"><span class='ocrx_word' id='word_1_55' title='bbox 283 1102 287 1106; x_wconf 96' lang='lat'><em>·</em></span> <span class='ocrx_word' id='word_1_56' title='bbox 403 1076 757 1137; x_wconf 77' lang='lat' dir='ltr'><strong>recensione</strong></span> <span class='ocrx_word' id='word_1_57' title='bbox 797 1076 1096 1136; x_wconf 73' lang='lat' dir='ltr'><strong>traxisset.</strong></span> <span class='ocrx_word' id='word_1_58' title='bbox 1154 1076 1384 1136; x_wconf 84' lang='lat' dir='ltr'><strong>Lacera</strong></span> <span class='ocrx_word' id='word_1_59' title='bbox 1426 1083 1622 1136; x_wconf 85' lang='lat' dir='ltr'><strong>autem</strong></span> <span class='ocrx_word' id='word_1_60' title='bbox 1668 1077 1771 1137; x_wconf 86' lang='lat' dir='ltr'><strong>illa</strong></span> <span class='ocrx_word' id='word_1_61' title='bbox 1811 1076 1997 1137; x_wconf 67' lang='lat' dir='ltr'><strong>uerba</strong></span> <span class='ocrx_word' id='word_1_62' title='bbox 2036 1076 2099 1136; x_wconf 85' lang='lat' dir='ltr'><strong>in</strong></span> <span class='ocrx_word' id='word_1_63' title='bbox 2130 1075 2334 1136; x_wconf 84' lang='lat' dir='ltr'><strong>codice</strong></span> <span class='ocrx_word' id='word_1_64' title='bbox 2364 1077 2458 1136; x_wconf 91' lang='lat' dir='ltr'><strong>sic</strong></span> 
     </span>
    </p>
   </div>
   <div class='ocr_carea' id='block_1_7' title="bbox 332 1177 2460 3709">
    <p class='ocr_par' dir='ltr' id='par_1_7' title="bbox 332 1177 2460 3199">
     <span class='ocr_line' id='line_1_10' title="bbox 397 1177 2454 1256; baseline 0.001 -19"><span class='ocrx_word' id='word_1_65' title='bbox 397 1179 674 1255; x_wconf 75' lang='lat' dir='ltr'><strong>expedire</strong></span> <span class='ocrx_word' id='word_1_66' title='bbox 706 1177 1024 1239; x_wconf 82' lang='lat' dir='ltr'><strong>Cramerus</strong></span> <span class='ocrx_word' id='word_1_67' title='bbox 1067 1184 1316 1239; x_wconf 82' lang='lat' dir='ltr'><strong>conatus</strong></span> <span class='ocrx_word' id='word_1_68' title='bbox 1361 1183 1484 1255; x_wconf 84' lang='lat' dir='ltr'><strong>est,</strong></span> <span class='ocrx_word' id='word_1_69' title='bbox 1530 1187 1594 1239; x_wconf 85' lang='lat' dir='ltr'><strong>ut</strong></span> <span class='ocrx_word' id='word_1_70' title='bbox 1636 1197 1702 1240; x_wconf 82' lang='lat' dir='ltr'><strong>se</strong></span> <span class='ocrx_word' id='word_1_71' title='bbox 1745 1179 2016 1240; x_wconf 82' lang='lat' dir='ltr'><strong>dubitare</strong></span> <span class='ocrx_word' id='word_1_72' title='bbox 2064 1183 2274 1255; x_wconf 83' lang='lat' dir='ltr'><strong>neget,</strong></span> <span class='ocrx_word' id='word_1_73' title='bbox 2307 1179 2454 1256; x_wconf 83' lang='lat' dir='ltr'><strong>quin</strong></span> 
     </span>
     <span class='ocr_line' id='line_1_11' title="bbox 396 1276 2457 1366; baseline -0 -26"><span class='ocrx_word' id='word_1_74' title='bbox 396 1280 581 1342; x_wconf 81' lang='lat' dir='ltr'><strong>uerba</strong></span> <span class='ocrx_word' id='word_1_75' title='bbox 620 1280 829 1341; x_wconf 83' lang='lat' dir='ltr'><strong>ultima</strong></span> <span class='ocrx_word' id='word_1_76' title='bbox 857 1279 955 1340; x_wconf 77' lang='grc' dir='ltr'><strong>ἐπι</strong></span> <span class='ocrx_word' id='word_1_77' title='bbox 983 1280 1270 1366; x_wconf 74' lang='grc' dir='ltr'>κογκυλω</span> <span class='ocrx_word' id='word_1_78' title='bbox 1302 1280 1378 1341; x_wconf 89' lang='lat' dir='ltr'><strong>ad</strong></span> <span class='ocrx_word' id='word_1_79' title='bbox 1414 1276 1618 1340; x_wconf 77' lang='grc' dir='ltr'>ἐπικὸν</span> <span class='ocrx_word' id='word_1_80' title='bbox 1646 1277 1869 1341; x_wconf 77' lang='grc' dir='ltr'>κύκλον</span> <span class='ocrx_word' id='word_1_81' title='bbox 1901 1288 2004 1342; x_wconf 85' lang='lat' dir='ltr'><strong>aut</strong></span> <span class='ocrx_word' id='word_1_82' title='bbox 2033 1281 2220 1358; x_wconf 72' lang='grc' dir='ltr'>ἐπικῷ</span> <span class='ocrx_word' id='word_1_83' title='bbox 2244 1276 2457 1359; x_wconf 77' lang='grc' dir='ltr'>κύκλῳ</span> 
     </span>
     <span class='ocr_line' id='line_1_12' title="bbox 404 1380 2460 1462; baseline 0 -19"><span class='ocrx_word' id='word_1_84' title='bbox 404 1382 804 1444; x_wconf 85' lang='lat' dir='ltr'><strong>reuocandum</strong></span> <span class='ocrx_word' id='word_1_85' title='bbox 850 1383 945 1443; x_wconf 86' lang='lat' dir='ltr'><strong>sit.</strong></span> <span class='ocrx_word' id='word_1_86' title='bbox 1032 1380 1220 1458; x_wconf 84' lang='lat' dir='ltr'><strong>Quam</strong></span> <span class='ocrx_word' id='word_1_87' title='bbox 1269 1384 1319 1443; x_wconf 90' lang='lat' dir='ltr'><strong>si</strong></span> <span class='ocrx_word' id='word_1_88' title='bbox 1362 1383 1639 1462; x_wconf 87' lang='lat' dir='ltr'><strong>probaris</strong></span> <span class='ocrx_word' id='word_1_89' title='bbox 1693 1385 2092 1445; x_wconf 87' lang='lat' dir='ltr'><strong>coniecturam</strong></span> <span class='ocrx_word' id='word_1_90' title='bbox 2132 1383 2460 1444; x_wconf 72' lang='lat' dir='ltr'><strong>Pisistrato</strong></span> 
     </span>
     <span class='ocr_line' id='line_1_13' title="bbox 396 1483 2452 1563; baseline 0 -18"><span class='ocrx_word' id='word_1_91' title='bbox 396 1503 515 1545; x_wconf 85' lang='lat' dir='ltr'><strong>non</strong></span> <span class='ocrx_word' id='word_1_92' title='bbox 548 1486 743 1545; x_wconf 89' lang='lat' dir='ltr'><strong>solum</strong></span> <span class='ocrx_word' id='word_1_93' title='bbox 773 1484 984 1545; x_wconf 85' lang='lat' dir='ltr'><strong>Iliadis</strong></span> <span class='ocrx_word' id='word_1_94' title='bbox 1016 1491 1077 1544; x_wconf 91' lang='lat' dir='ltr'><strong>et</strong></span> <span class='ocrx_word' id='word_1_95' title='bbox 1106 1483 1422 1562; x_wconf 82' lang='lat' dir='ltr'><strong>Odysseae</strong></span> <span class='ocrx_word' id='word_1_96' title='bbox 1450 1486 1729 1563; x_wconf 84' lang='lat' dir='ltr'><strong>partium,</strong></span> <span class='ocrx_word' id='word_1_97' title='bbox 1764 1486 1871 1546; x_wconf 90' lang='lat' dir='ltr'><strong>sed</strong></span> <span class='ocrx_word' id='word_1_98' title='bbox 1903 1486 2081 1546; x_wconf 83' lang='lat' dir='ltr'><strong>etiam</strong></span> <span class='ocrx_word' id='word_1_99' title='bbox 2116 1486 2452 1547; x_wconf 79' lang='lat' dir='ltr'><strong>carminum</strong></span> 
     </span>
     <span class='ocr_line' id='line_1_14' title="bbox 400 1584 2452 1664; baseline 0.001 -18"><span class='ocrx_word' id='word_1_100' title='bbox 400 1587 797 1664; x_wconf 89' lang='lat' dir='ltr'><strong>cyclicorum‚</strong></span> <span class='ocrx_word' id='word_1_101' title='bbox 844 1603 997 1663; x_wconf 80' lang='lat' dir='ltr'><strong>quae</strong></span> <span class='ocrx_word' id='word_1_102' title='bbox 1039 1585 1298 1647; x_wconf 84' lang='lat' dir='ltr'><strong>Homero</strong></span> <span class='ocrx_word' id='word_1_103' title='bbox 1345 1588 1529 1664; x_wconf 84' lang='lat' dir='ltr'><strong>uulgo</strong></span> <span class='ocrx_word' id='word_1_104' title='bbox 1577 1584 1995 1648; x_wconf 82' lang='lat' dir='ltr'><strong>adscribuntur</strong></span> <span class='ocrx_word' id='word_1_105' title='bbox 2035 1587 2452 1648; x_wconf 80' lang='lat' dir='ltr'><strong>collectionem</strong></span> 
     </span>
     <span class='ocr_line' id='line_1_15' title="bbox 398 1687 2453 1768; baseline 0.001 -20"><span class='ocrx_word' id='word_1_106' title='bbox 398 1688 749 1766; x_wconf 73' lang='lat' dir='ltr'><strong>assignaris,</strong></span> <span class='ocrx_word' id='word_1_107' title='bbox 797 1687 1059 1748; x_wconf 83' lang='lat' dir='ltr'><strong>Haasius</strong></span> <span class='ocrx_word' id='word_1_108' title='bbox 1090 1695 1286 1751; x_wconf 86' lang='lat' dir='ltr'><strong>autem</strong></span> <span class='ocrx_word' id='word_1_109' title='bbox 1308 1707 1664 1768; x_wconf 87' lang='lat' dir='ltr'><strong>quamquam</strong></span> <span class='ocrx_word' id='word_1_110' title='bbox 1681 1691 1839 1751; x_wconf 87' lang='lat' dir='ltr'><strong>haud</strong></span> <span class='ocrx_word' id='word_1_111' title='bbox 1867 1691 1997 1750; x_wconf 89' lang='lat' dir='ltr'><strong>sine</strong></span> <span class='ocrx_word' id='word_1_112' title='bbox 2028 1708 2262 1750; x_wconf 79' lang='lat' dir='ltr'><strong>summa</strong></span> <span class='ocrx_word' id='word_1_113' title='bbox 2277 1691 2453 1751; x_wconf 86' lang='lat' dir='ltr'><strong>dubi—</strong></span> 
     </span>
     <span class='ocr_line' id='line_1_16' title="bbox 397 1783 2453 1874; baseline 0.001 -23"><span class='ocrx_word' id='word_1_114' title='bbox 397 1792 620 1851; x_wconf 78' lang='lat' dir='ltr'><strong>tatione</strong></span> <span class='ocrx_word' id='word_1_115' title='bbox 676 1790 750 1851; x_wconf 86' lang='lat' dir='ltr'><strong>de</strong></span> <span class='ocrx_word' id='word_1_116' title='bbox 797 1783 1075 1874; x_wconf 71' lang='lat' dir='ltr'><strong>Koepxivq)</strong></span> <span class='ocrx_word' id='word_1_117' title='bbox 1131 1791 1452 1868; x_wconf 81' lang='lat' dir='ltr'><strong>cogitabat.</strong></span> <span class='ocrx_word' id='word_1_118' title='bbox 1521 1790 1791 1870; x_wconf 87' lang='lat' dir='ltr'><strong>Denique</strong></span> <span class='ocrx_word' id='word_1_119' title='bbox 1831 1787 2453 1872; x_wconf 57' lang='lat' dir='ltr'><strong>Rothiusffilquoqne</strong></span> 
     </span>
     <span class='ocr_line' id='line_1_17' title="bbox 397 1889 2454 1970; baseline 0.002 -18"><span class='ocrx_word' id='word_1_120' title='bbox 397 1893 773 1954; x_wconf 72' lang='lat' dir='ltr'><strong>coniecturae</strong></span> <span class='ocrx_word' id='word_1_121' title='bbox 818 1891 1235 1954; x_wconf 82' lang='lat' dir='ltr'><strong>Cramerianae</strong></span> <span class='ocrx_word' id='word_1_122' title='bbox 1286 1895 1532 1970; x_wconf 82' lang='lat' dir='ltr'><strong>ignarus</strong></span> <span class='ocrx_word' id='word_1_123' title='bbox 1578 1889 1782 1954; x_wconf 75' lang='grc' dir='ltr'>ἐπικὸν</span> <span class='ocrx_word' id='word_1_124' title='bbox 1820 1889 2044 1953; x_wconf 72' lang='grc' dir='ltr'>κύκλον</span> <span class='ocrx_word' id='word_1_125' title='bbox 2090 1895 2454 1956; x_wconf 72' lang='lat' dir='ltr'><strong>coniectauit</strong></span> 
     </span>
     <span class='ocr_line' id='line_1_18' title="bbox 397 1995 2451 2074; baseline 0.001 -18"><span class='ocrx_word' id='word_1_126' title='bbox 397 2003 458 2056; x_wconf 90' lang='lat' dir='ltr'><strong>et</strong></span> <span class='ocrx_word' id='word_1_127' title='bbox 498 2013 656 2056; x_wconf 87' lang='lat' dir='ltr'><strong>noua</strong></span> <span class='ocrx_word' id='word_1_128' title='bbox 692 1995 920 2055; x_wconf 79' lang='lat' dir='ltr'><strong>ratione</strong></span> <span class='ocrx_word' id='word_1_129' title='bbox 976 1995 1405 2074; x_wconf 87' lang='lat' dir='ltr'><strong>interpretatus</strong></span> <span class='ocrx_word' id='word_1_130' title='bbox 1435 2001 1548 2057; x_wconf 85' lang='lat' dir='ltr'><strong>est.</strong></span> <span class='ocrx_word' id='word_1_131' title='bbox 1608 1996 1761 2056; x_wconf 89' lang='lat' dir='ltr'><strong>Nam</strong></span> <span class='ocrx_word' id='word_1_132' title='bbox 1813 1996 1973 2074; x_wconf 80' lang='lat' dir='ltr'><strong>quod</strong></span> <span class='ocrx_word' id='word_1_133' title='bbox 2006 1998 2226 2073; x_wconf 83' lang='lat' dir='ltr'><strong>gentile</strong></span> <span class='ocrx_word' id='word_1_134' title='bbox 2273 1997 2451 2072; x_wconf 82' lang='lat' dir='ltr'><strong>desit,</strong></span> 
     </span>
     <span class='ocr_line' id='line_1_19' title="bbox 395 2097 2448 2176; baseline 0.001 -18"><span class='ocrx_word' id='word_1_135' title='bbox 395 2116 608 2159; x_wconf 89' lang='lat' dir='ltr'><strong>nomen</strong></span> <span class='ocrx_word' id='word_1_136' title='bbox 654 2097 972 2176; x_wconf 77' lang='lat' dir='ltr'><strong>proprium</strong></span> <span class='ocrx_word' id='word_1_137' title='bbox 1013 2097 1075 2157; x_wconf 86' lang='lat' dir='ltr'><strong>in</strong></span> <span class='ocrx_word' id='word_1_138' title='bbox 1118 2098 1207 2158; x_wconf 89' lang='lat' dir='ltr'><strong>eis</strong></span> <span class='ocrx_word' id='word_1_139' title='bbox 1250 2098 1454 2161; x_wconf 87' lang='lat' dir='ltr'><strong>uerbis</strong></span> <span class='ocrx_word' id='word_1_140' title='bbox 1488 2098 1672 2159; x_wconf 85' lang='lat' dir='ltr'><strong>latere</strong></span> <span class='ocrx_word' id='word_1_141' title='bbox 1703 2098 2009 2159; x_wconf 83' lang='lat' dir='ltr'><strong>infitiatur.</strong></span> <span class='ocrx_word' id='word_1_142' title='bbox 2068 2098 2448 2160; x_wconf 76' lang='lat' dir='ltr'><strong>Credendum</strong></span> 
     </span>
     <span class='ocr_line' id='line_1_20' title="bbox 397 2197 2453 2280; baseline 0 -20"><span class='ocrx_word' id='word_1_143' title='bbox 397 2218 534 2260; x_wconf 82' lang='lat' dir='ltr'><strong>esse</strong></span> <span class='ocrx_word' id='word_1_144' title='bbox 576 2200 636 2259; x_wconf 88' lang='lat' dir='ltr'><strong>in</strong></span> <span class='ocrx_word' id='word_1_145' title='bbox 687 2199 841 2260; x_wconf 83' lang='lat' dir='ltr'><strong>libro</strong></span> <span class='ocrx_word' id='word_1_146' title='bbox 882 2199 1137 2276; x_wconf 77' lang='lat' dir='ltr'><strong>quodam</strong></span> <span class='ocrx_word' id='word_1_147' title='bbox 1181 2205 1420 2260; x_wconf 83' lang='lat' dir='ltr'><strong>uetusto</strong></span> <span class='ocrx_word' id='word_1_148' title='bbox 1453 2198 1538 2263; x_wconf 74' lang='lat' dir='ltr'><strong>ita</strong></span> <span class='ocrx_word' id='word_1_149' title='bbox 1578 2201 1866 2280; x_wconf 76' lang='lat' dir='ltr'><strong>scriptum</strong></span> <span class='ocrx_word' id='word_1_150' title='bbox 1896 2200 2116 2262; x_wconf 82' lang='lat' dir='ltr'><strong>fuisse:</strong></span> <span class='ocrx_word' id='word_1_151' title='bbox 2147 2197 2453 2260; x_wconf 77' lang='grc' dir='ltr'><strong>συντεθεί-</strong></span> 
     </span>
     <span class='ocr_line' id='line_1_21' title="bbox 396 2293 2453 2387; baseline 0.002 -27"><span class='ocrx_word' id='word_1_152' title='bbox 396 2320 579 2361; x_wconf 59' lang='lat' dir='ltr'><strong>mom«</strong></span> <span class='ocrx_word' id='word_1_153' title='bbox 601 2298 697 2360; x_wconf 79' lang='grc' dir='ltr'><strong>ἐπὶ</strong></span> <span class='ocrx_word' id='word_1_154' title='bbox 725 2295 1165 2385; x_wconf 81' lang='grc' dir='ltr'><strong>Πεισιστράτου</strong></span> <span class='ocrx_word' id='word_1_155' title='bbox 1195 2297 1304 2360; x_wconf 76' lang='grc' dir='ltr'><strong>τὸν</strong></span> <span class='ocrx_word' id='word_1_156' title='bbox 1329 2293 1603 2387; x_wconf 70' lang='grc' dir='ltr'>Ὀμήρου</span> <span class='ocrx_word' id='word_1_157' title='bbox 1637 2300 1842 2362; x_wconf 79' lang='grc' dir='ltr'>ἐπικὸν</span> <span class='ocrx_word' id='word_1_158' title='bbox 1874 2298 2119 2381; x_wconf 72' lang='grc' dir='ltr'>κύκλον,</span> <span class='ocrx_word' id='word_1_159' title='bbox 2141 2304 2252 2364; x_wconf 85' lang='lat' dir='ltr'><strong>sed</strong></span> <span class='ocrx_word' id='word_1_160' title='bbox 2282 2320 2453 2364; x_wconf 81' lang='lat' dir='ltr'><strong>men-</strong></span> 
     </span>
     <span class='ocr_line' id='line_1_22' title="bbox 397 2395 2453 2488; baseline 0.001 -25"><span class='ocrx_word' id='word_1_161' title='bbox 397 2404 538 2464; x_wconf 90' lang='lat' dir='ltr'><strong>dum</strong></span> <span class='ocrx_word' id='word_1_162' title='bbox 568 2396 767 2487; x_wconf 72' lang='grc' dir='ltr'>Ὀμηρ</span> <span class='ocrx_word' id='word_1_163' title='bbox 787 2421 863 2461; x_wconf 86' lang='grc' dir='ltr'><strong>ον</strong></span> <span class='ocrx_word' id='word_1_164' title='bbox 894 2421 1005 2482; x_wconf 80' lang='lat' dir='ltr'><strong>pro</strong></span> <span class='ocrx_word' id='word_1_165' title='bbox 1039 2395 1337 2488; x_wconf 73' lang='grc' dir='ltr'>Ὀμηρου</span> <span class='ocrx_word' id='word_1_166' title='bbox 1367 2404 1599 2465; x_wconf 82' lang='lat' dir='ltr'><strong>illatum</strong></span> <span class='ocrx_word' id='word_1_167' title='bbox 1626 2406 1920 2482; x_wconf 78' lang='lat' dir='ltr'><strong>originem·</strong></span> <span class='ocrx_word' id='word_1_168' title='bbox 1940 2406 2128 2469; x_wconf 74' lang='lat' dir='ltr'><strong>fuisse</strong></span> <span class='ocrx_word' id='word_1_169' title='bbox 2155 2405 2453 2480; x_wconf 65' lang='lat' dir='ltr'><strong>lectionis,</strong></span> 
     </span>
     <span class='ocr_line' id='line_1_23' title="bbox 396 2493 2454 2592; baseline 0.001 -27"><span class='ocrx_word' id='word_1_170' title='bbox 396 2525 570 2585; x_wconf 83' lang='lat' dir='ltr'><strong>quam</strong></span> <span class='ocrx_word' id='word_1_171' title='bbox 624 2524 783 2566; x_wconf 85' lang='lat' dir='ltr'><strong>nunc</strong></span> <span class='ocrx_word' id='word_1_172' title='bbox 822 2505 1177 2567; x_wconf 82' lang='lat' dir='ltr'><strong>habeamus.</strong></span> <span class='ocrx_word' id='word_1_173' title='bbox 1248 2507 1337 2566; x_wconf 87' lang='lat' dir='ltr'><strong>Ac</strong></span> <span class='ocrx_word' id='word_1_174' title='bbox 1385 2508 1574 2566; x_wconf 73' lang='lat' dir='ltr'><strong>uerba</strong></span> <span class='ocrx_word' id='word_1_175' title='bbox 1617 2501 1937 2591; x_wconf 63' lang='grc' dir='ltr'><strong>πἰ-έοεηιρες</strong></span> <span class='ocrx_word' id='word_1_176' title='bbox 1973 2493 2186 2591; x_wconf 72' lang='grc' dir='ltr'>ἄνδρες</span> <span class='ocrx_word' id='word_1_177' title='bbox 2232 2506 2454 2592; x_wconf 71' lang='grc' dir='ltr'>σοφοί“</span> 
     </span>
     <span class='ocr_line' id='line_1_24' title="bbox 401 2607 2451 2689; baseline 0 -20"><span class='ocrx_word' id='word_1_178' title='bbox 401 2609 697 2689; x_wconf 84' lang='lat' dir='ltr'><strong>quendam</strong></span> <span class='ocrx_word' id='word_1_179' title='bbox 747 2608 822 2669; x_wconf 90' lang='lat' dir='ltr'><strong>de</strong></span> <span class='ocrx_word' id='word_1_180' title='bbox 854 2609 982 2668; x_wconf 86' lang='lat' dir='ltr'><strong>suis</strong></span> <span class='ocrx_word' id='word_1_181' title='bbox 1014 2608 1342 2670; x_wconf 85' lang='lat' dir='ltr'><strong>addidisse.</strong></span> <span class='ocrx_word' id='word_1_182' title='bbox 1391 2607 1584 2684; x_wconf 74' lang='lat' dir='ltr'><strong>Quae</strong></span> <span class='ocrx_word' id='word_1_183' title='bbox 1614 2610 1953 2670; x_wconf 75' lang='lat' dir='ltr'><strong>coniectura</strong></span> <span class='ocrx_word' id='word_1_184' title='bbox 1993 2612 2451 2687; x_wconf 75' lang='lat' dir='ltr'><strong>sane-sagacis-</strong></span> 
     </span>
     <span class='ocr_line' id='line_1_25' title="bbox 332 2710 2456 2785; baseline 0 -13"><span class='ocrx_word' id='word_1_185' title='bbox 332 2772 343 2783; x_wconf 31' lang='grc' dir='ltr'><em>Ι</em></span> <span class='ocrx_word' id='word_1_186' title='bbox 398 2712 551 2772; x_wconf 83' lang='lat' dir='ltr'><strong>sima</strong></span> <span class='ocrx_word' id='word_1_187' title='bbox 595 2712 648 2772; x_wconf 88' lang='lat' dir='ltr'><strong>si</strong></span> <span class='ocrx_word' id='word_1_188' title='bbox 688 2729 833 2771; x_wconf 73' lang='lat' dir='ltr'><strong>uera</strong></span> <span class='ocrx_word' id='word_1_189' title='bbox 873 2717 1065 2785; x_wconf 85' lang='lat' dir='ltr'><strong>esset,</strong></span> <span class='ocrx_word' id='word_1_190' title='bbox 1095 2715 1285 2771; x_wconf 86' lang='lat' dir='ltr'><strong>totam</strong></span> <span class='ocrx_word' id='word_1_191' title='bbox 1318 2710 1393 2770; x_wconf 89' lang='lat' dir='ltr'><strong>de</strong></span> <span class='ocrx_word' id='word_1_192' title='bbox 1423 2711 1773 2772; x_wconf 85' lang='lat' dir='ltr'><strong>recensione</strong></span> <span class='ocrx_word' id='word_1_193' title='bbox 1818 2711 2061 2777; x_wconf 78' lang='lat' dir='ltr'><strong>Homeri</strong></span> <span class='ocrx_word' id='word_1_194' title='bbox 2091 2710 2456 2773; x_wconf 74' lang='lat' dir='ltr'><strong>Pisistratea</strong></span> 
     </span>
     <span class='ocr_line' id='line_1_26' title="bbox 397 2812 2447 2893; baseline 0 -20"><span class='ocrx_word' id='word_1_195' title='bbox 397 2814 812 2891; x_wconf 68' lang='lat' dir='ltr'><strong>quaestionem</strong></span> <span class='ocrx_word' id='word_1_196' title='bbox 837 2816 1226 2890; x_wconf 81' lang='lat' dir='ltr'><strong>peruerteret.</strong></span> <span class='ocrx_word' id='word_1_197' title='bbox 1253 2812 1374 2873; x_wconf 83' lang='lat' dir='ltr'><strong>Sed</strong></span> <span class='ocrx_word' id='word_1_198' title='bbox 1402 2831 1532 2873; x_wconf 90' lang='lat' dir='ltr'><strong>cum</strong></span> <span class='ocrx_word' id='word_1_199' title='bbox 1561 2832 1677 2875; x_wconf 90' lang='lat' dir='ltr'><strong>non</strong></span> <span class='ocrx_word' id='word_1_200' title='bbox 1698 2830 1947 2892; x_wconf 78' lang='lat' dir='ltr'><strong>prorsus</strong></span> <span class='ocrx_word' id='word_1_201' title='bbox 1966 2813 2207 2893; x_wconf 77' lang='lat' dir='ltr'><strong>probari</strong></span> <span class='ocrx_word' id='word_1_202' title='bbox 2228 2816 2447 2892; x_wconf 77' lang='lat' dir='ltr'><strong>possit,</strong></span> 
     </span>
     <span class='ocr_line' id='line_1_27' title="bbox 395 2914 2450 2993; baseline 0 -17"><span class='ocrx_word' id='word_1_203' title='bbox 395 2915 609 2976; x_wconf 80' lang='lat' dir='ltr'><strong>melior</strong></span> <span class='ocrx_word' id='word_1_204' title='bbox 648 2935 685 2974; x_wconf 83' lang='lat' dir='ltr'><strong>a</strong></span> <span class='ocrx_word' id='word_1_205' title='bbox 724 2915 899 2975; x_wconf 84' lang='lat' dir='ltr'><strong>nobis</strong></span> <span class='ocrx_word' id='word_1_206' title='bbox 942 2914 1192 2993; x_wconf 83' lang='lat' dir='ltr'><strong>&#39;proferri</strong></span> <span class='ocrx_word' id='word_1_207' title='bbox 1234 2919 1521 2992; x_wconf 80' lang='lat' dir='ltr'><strong>nequeat,</strong></span> <span class='ocrx_word' id='word_1_208' title='bbox 1563 2916 1623 2974; x_wconf 87' lang='lat' dir='ltr'><strong>in</strong></span> <span class='ocrx_word' id='word_1_209' title='bbox 1668 2916 1870 2976; x_wconf 74' lang='lat' dir='ltr'><strong>medio·</strong></span> <span class='ocrx_word' id='word_1_210' title='bbox 1904 2933 2005 2978; x_wconf 76' lang='lat' dir='ltr'><strong>res</strong></span> <span class='ocrx_word' id='word_1_211' title='bbox 2035 2917 2211 2979; x_wconf 74' lang='lat' dir='ltr'><strong>nobis</strong></span> <span class='ocrx_word' id='word_1_212' title='bbox 2259 2917 2450 2977; x_wconf 76' lang='lat' dir='ltr'><strong>relin-</strong></span> 
     </span>
     <span class='ocr_line' id='line_1_28' title="bbox 395 3013 2449 3098; baseline 0 -19"><span class='ocrx_word' id='word_1_213' title='bbox 395 3017 633 3097; x_wconf 68' lang='lat' dir='ltr'><strong>quenda</strong></span> <span class='ocrx_word' id='word_1_214' title='bbox 685 3022 778 3077; x_wconf 88' lang='lat' dir='ltr'><strong>est</strong></span> <span class='ocrx_word' id='word_1_215' title='bbox 829 3022 888 3079; x_wconf 85' lang='lat' dir='ltr'><strong>et</strong></span> <span class='ocrx_word' id='word_1_216' title='bbox 942 3014 1248 3078; x_wconf 81' lang='lat' dir='ltr'><strong>fatendum</strong></span> <span class='ocrx_word' id='word_1_217' title='bbox 1290 3035 1420 3078; x_wconf 87' lang='lat' dir='ltr'><strong>cnm</strong></span> <span class='ocrx_word' id='word_1_218' title='bbox 1455 3016 1780 3079; x_wconf 85' lang='lat' dir='ltr'><strong>Ritschelio</strong></span> <span class='ocrx_word' id='word_1_219' title='bbox 1794 3013 1867 3098; x_wconf 75' lang='lat'><strong>⁶⁷)</strong></span> <span class='ocrx_word' id='word_1_220' title='bbox 1899 3036 2012 3079; x_wconf 84' lang='lat' dir='ltr'><strong>nos</strong></span> <span class='ocrx_word' id='word_1_221' title='bbox 2047 3019 2279 3085; x_wconf 62' lang='lat' dir='ltr'><strong>nescite</strong></span> <span class='ocrx_word' id='word_1_222' title='bbox 2308 3037 2449 3096; x_wconf 79' lang='lat' dir='ltr'><strong>pro·-</strong></span> 
     </span>
     <span class='ocr_line' id='line_1_29' title="bbox 395 3119 1858 3199; baseline 0 -18"><span class='ocrx_word' id='word_1_223' title='bbox 395 3121 725 3198; x_wconf 86' lang='lat' dir='ltr'><strong>positarnm</strong></span> <span class='ocrx_word' id='word_1_224' title='bbox 759 3119 1230 3180; x_wconf 87' lang='lat' dir='ltr'><strong>coniecturarum</strong></span> <span class='ocrx_word' id='word_1_225' title='bbox 1262 3137 1416 3196; x_wconf 83' lang='lat' dir='ltr'><strong>qnae</strong></span> <span class='ocrx_word' id='word_1_226' title='bbox 1447 3120 1541 3179; x_wconf 89' lang='lat' dir='ltr'><strong>cni</strong></span> <span class='ocrx_word' id='word_1_227' title='bbox 1573 3125 1858 3199; x_wconf 85' lang='lat' dir='ltr'><strong>praestet.</strong></span> 
     </span>
    </p>

    <p class='ocr_par' dir='ltr' id='par_1_8' title="bbox 395 3221 2456 3709">
     <span class='ocr_line' id='line_1_30' title="bbox 522 3221 2450 3299; baseline 0.001 -17"><span class='ocrx_word' id='word_1_228' title='bbox 522 3221 873 3282; x_wconf 80' lang='lat' dir='ltr'><strong>Pisistratus</strong></span> <span class='ocrx_word' id='word_1_229' title='bbox 928 3221 1111 3299; x_wconf 82' lang='lat' dir='ltr'><strong>igitur</strong></span> <span class='ocrx_word' id='word_1_230' title='bbox 1155 3226 1438 3298; x_wconf 85' lang='lat' dir='ltr'><strong>quattuor</strong></span> <span class='ocrx_word' id='word_1_231' title='bbox 1484 3222 1645 3283; x_wconf 88' lang='lat' dir='ltr'><strong>uiros</strong></span> <span class='ocrx_word' id='word_1_232' title='bbox 1687 3222 1760 3282; x_wconf 84' lang='lat' dir='ltr'><strong>ad</strong></span> <span class='ocrx_word' id='word_1_233' title='bbox 1824 3223 2087 3283; x_wconf 89' lang='lat' dir='ltr'><strong>carmina</strong></span> <span class='ocrx_word' id='word_1_234' title='bbox 2126 3222 2450 3284; x_wconf 88' lang='lat' dir='ltr'><strong>Homerica</strong></span> 
     </span>
     <span class='ocr_line' id='line_1_31' title="bbox 397 3320 2444 3400; baseline -0 -14"><span class='ocrx_word' id='word_1_235' title='bbox 397 3324 730 3386; x_wconf 81' lang='lat' dir='ltr'><strong>ordinanda</strong></span> <span class='ocrx_word' id='word_1_236' title='bbox 759 3323 1046 3383; x_wconf 88' lang='lat' dir='ltr'><strong>adhibuit.</strong></span> <span class='ocrx_word' id='word_1_237' title='bbox 1109 3320 1298 3398; x_wconf 86' lang='lat' dir='ltr'><strong>Quam</strong></span> <span class='ocrx_word' id='word_1_238' title='bbox 1342 3328 1543 3385; x_wconf 85' lang='lat' dir='ltr'><strong>autem</strong></span> <span class='ocrx_word' id='word_1_239' title='bbox 1573 3324 1772 3384; x_wconf 86' lang='lat' dir='ltr'><strong>idonei</strong></span> <span class='ocrx_word' id='word_1_240' title='bbox 1804 3324 2052 3400; x_wconf 83' lang='lat' dir='ltr'><strong>fuerint,</strong></span> <span class='ocrx_word' id='word_1_241' title='bbox 2086 3324 2160 3383; x_wconf 87' lang='lat' dir='ltr'><strong>de</strong></span> <span class='ocrx_word' id='word_1_242' title='bbox 2192 3343 2262 3386; x_wconf 93' lang='lat' dir='ltr'><strong>eo</strong></span> <span class='ocrx_word' id='word_1_243' title='bbox 2295 3325 2444 3385; x_wconf 84' lang='lat' dir='ltr'><strong>nihil</strong></span> 
     </span>
     <span class='ocr_line' id='line_1_32' title="bbox 395 3423 2456 3504; baseline -0 -17"><span class='ocrx_word' id='word_1_244' title='bbox 395 3423 680 3498; x_wconf 66' lang='lat' dir='ltr'><strong>traditur,</strong></span> <span class='ocrx_word' id='word_1_245' title='bbox 711 3425 821 3486; x_wconf 84' lang='lat' dir='ltr'><strong>sed</strong></span> <span class='ocrx_word' id='word_1_246' title='bbox 863 3426 917 3486; x_wconf 82' lang='lat' dir='ltr'><strong>si</strong></span> <span class='ocrx_word' id='word_1_247' title='bbox 954 3424 1321 3486; x_wconf 84' lang='lat' dir='ltr'><strong>coniciemus</strong></span> <span class='ocrx_word' id='word_1_248' title='bbox 1349 3444 1433 3486; x_wconf 86' lang='lat' dir='ltr'><strong>ex</strong></span> <span class='ocrx_word' id='word_1_249' title='bbox 1473 3444 1575 3501; x_wconf 77' lang='lat' dir='ltr'><strong>eo,</strong></span> <span class='ocrx_word' id='word_1_250' title='bbox 1619 3426 1776 3504; x_wconf 84' lang='lat' dir='ltr'><strong>quod</strong></span> <span class='ocrx_word' id='word_1_251' title='bbox 1819 3427 2238 3503; x_wconf 66' lang='lat' dir='ltr'><strong>coniecerunt,</strong></span> <span class='ocrx_word' id='word_1_252' title='bbox 2282 3427 2456 3487; x_wconf 75' lang='lat' dir='ltr'><strong>uiros</strong></span> 
     </span>
     <span class='ocr_line' id='line_1_33' title="bbox 398 3508 2443 3607; baseline -0 -18"><span class='ocrx_word' id='word_1_253' title='bbox 398 3527 783 3589; x_wconf 87' lang='lat' dir='ltr'><strong>doctissimos</strong></span> <span class='ocrx_word' id='word_1_254' title='bbox 848 3532 910 3588; x_wconf 86' lang='lat' dir='ltr'><strong>et</strong></span> <span class='ocrx_word' id='word_1_255' title='bbox 968 3508 1488 3607; x_wconf 79' lang='lat' dir='ltr'><strong>praeclarissimos</strong></span> <span class='ocrx_word' id='word_1_256' title='bbox 1548 3542 1653 3589; x_wconf 81' lang='lat' dir='ltr'><strong>eos</strong></span> <span class='ocrx_word' id='word_1_257' title='bbox 1706 3529 1896 3590; x_wconf 81' lang='lat' dir='ltr'><strong>fuisse</strong></span> <span class='ocrx_word' id='word_1_258' title='bbox 1951 3524 2443 3605; x_wconf 59' lang='lat' dir='ltr'><strong>concedemusflff)</strong></span> 
     </span>
     <span class='ocr_line' id='line_1_34' title="bbox 398 3624 2443 3709; baseline 0 -19"><span class='ocrx_word' id='word_1_259' title='bbox 398 3628 571 3706; x_wconf 81' lang='lat' dir='ltr'><strong>Quod</strong></span> <span class='ocrx_word' id='word_1_260' title='bbox 618 3634 814 3690; x_wconf 88' lang='lat' dir='ltr'><strong>autem</strong></span> <span class='ocrx_word' id='word_1_261' title='bbox 847 3628 1189 3690; x_wconf 82' lang='lat' dir='ltr'><strong>Nitzsehius</strong></span> <span class='ocrx_word' id='word_1_262' title='bbox 1202 3624 1280 3707; x_wconf 66' lang='grc' dir='ltr'><strong>θ’)</strong></span> <span class='ocrx_word' id='word_1_263' title='bbox 1313 3629 1754 3692; x_wconf 83' lang='lat' dir='ltr'><strong>Onomacritum</strong></span> <span class='ocrx_word' id='word_1_264' title='bbox 1802 3635 2005 3709; x_wconf 83' lang='lat' dir='ltr'><strong>aptum</strong></span> <span class='ocrx_word' id='word_1_265' title='bbox 2044 3630 2228 3693; x_wconf 79' lang='lat' dir='ltr'><strong>fuisse</strong></span> <span class='ocrx_word' id='word_1_266' title='bbox 2258 3646 2443 3709; x_wconf 85' lang='lat' dir='ltr'><strong>nega·</strong></span> 
     </span>
    </p>
   </div>
   <div class='ocr_carea' id='block_1_8' title="bbox 398 3779 807 3795">
    <p class='ocr_par' dir='ltr' id='par_1_9' title="bbox 398 3779 807 3795">
     <span class='ocr_line' id='line_1_35' title="bbox 398 3779 807 3795; baseline 0 539"><span class='ocrx_word' id='word_1_267' title='bbox 398 3779 807 3795; x_wconf 95' lang='lat' dir='ltr'><strong> </strong></span> 
     </span>
    </p>
   </div>
   <div class='ocr_carea' id='block_1_9' title="bbox 397 3861 2444 4015">
    <p class='ocr_par' dir='ltr' id='par_1_10' title="bbox 397 3861 2444 4015">
     <span class='ocr_line' id='line_1_36' title="bbox 499 3861 2444 3932; baseline 0.002 -17"><span class='ocrx_word' id='word_1_268' title='bbox 499 3861 568 3926; x_wconf 79' lang='lat'><strong>⁶⁶)</strong></span> <span class='ocrx_word' id='word_1_269' title='bbox 603 3865 768 3916; x_wconf 59' lang='lat' dir='ltr'><strong>main.</strong></span> <span class='ocrx_word' id='word_1_270' title='bbox 792 3866 912 3919; x_wconf 74' lang='lat' dir='ltr'><strong>Mus.</strong></span> <span class='ocrx_word' id='word_1_271' title='bbox 947 3869 1006 3918; x_wconf 83' lang='lat' dir='ltr'><strong>N.</strong></span> <span class='ocrx_word' id='word_1_272' title='bbox 1032 3867 1088 3918; x_wconf 84' lang='lat' dir='ltr'><strong>F.</strong></span> <span class='ocrx_word' id='word_1_273' title='bbox 1113 3867 1218 3918; x_wconf 82' lang='lat' dir='ltr'><strong>vn.</strong></span> <span class='ocrx_word' id='word_1_274' title='bbox 1240 3881 1289 3930; x_wconf 87' lang='lat' dir='ltr'><strong>p.</strong></span> <span class='ocrx_word' id='word_1_275' title='bbox 1317 3870 1432 3918; x_wconf 81' lang='lat'><strong>137.</strong></span> <span class='ocrx_word' id='word_1_276' title='bbox 1514 3863 1580 3927; x_wconf 78' lang='lat'><strong>⁶⁷)</strong></span> <span class='ocrx_word' id='word_1_277' title='bbox 1616 3868 1665 3918; x_wconf 84' lang='lat' dir='ltr'><strong>in</strong></span> <span class='ocrx_word' id='word_1_278' title='bbox 1686 3868 1901 3919; x_wconf 76' lang='lat' dir='ltr'><strong>corollar.</strong></span> <span class='ocrx_word' id='word_1_279' title='bbox 1923 3882 2015 3932; x_wconf 72' lang='lat' dir='ltr'><strong>pag</strong></span> <span class='ocrx_word' id='word_1_280' title='bbox 2058 3871 2140 3920; x_wconf 75' lang='lat'><strong>50.</strong></span> <span class='ocrx_word' id='word_1_281' title='bbox 2209 3863 2278 3928; x_wconf 72' lang='lat'><strong>⁶⁸)</strong></span> <span class='ocrx_word' id='word_1_282' title='bbox 2303 3867 2444 3918; x_wconf 74' lang='lat' dir='ltr'><strong>Lehr·</strong></span> 
     </span>
     <span class='ocr_line' id='line_1_37' title="bbox 397 3948 1601 4015; baseline 0.002 -15"><span class='ocrx_word' id='word_1_283' title='bbox 397 3952 491 4000; x_wconf 83' lang='lat' dir='ltr'><strong>sius</strong></span> <span class='ocrx_word' id='word_1_284' title='bbox 514 3953 545 3999; x_wconf 86' lang='lat'><strong>1.</strong></span> <span class='ocrx_word' id='word_1_285' title='bbox 572 3952 607 4000; x_wconf 87' lang='lat'><strong>1.</strong></span> <span class='ocrx_word' id='word_1_286' title='bbox 631 3966 679 4014; x_wconf 82' lang='lat' dir='ltr'><strong>p.</strong></span> <span class='ocrx_word' id='word_1_287' title='bbox 707 3954 820 4001; x_wconf 79' lang='lat'><strong>695.</strong></span> <span class='ocrx_word' id='word_1_288' title='bbox 870 3948 938 4014; x_wconf 76' lang='lat'><strong>⁶⁹)</strong></span> <span class='ocrx_word' id='word_1_289' title='bbox 962 3955 1137 4003; x_wconf 79' lang='lat' dir='ltr'><strong>melett.</strong></span> <span class='ocrx_word' id='word_1_290' title='bbox 1160 3956 1274 4004; x_wconf 81' lang='lat' dir='ltr'><strong>fasc.</strong></span> <span class='ocrx_word' id='word_1_291' title='bbox 1300 3956 1335 4002; x_wconf 92' lang='grc' dir='ltr'><strong>Ι.</strong></span> <span class='ocrx_word' id='word_1_292' title='bbox 1360 3969 1465 4015; x_wconf 79' lang='lat' dir='ltr'><strong>pag.</strong></span> <span class='ocrx_word' id='word_1_293' title='bbox 1491 3957 1601 4002; x_wconf 83' lang='grc'><strong>166.</strong></span> 
     </span>
    </p>
   </div>
   <div class='ocr_carea' id='block_1_10' title="bbox 2685 240 2686 1303">
    <p class='ocr_par' dir='ltr' id='par_1_11' title="bbox 2685 240 2686 1303">
     <span class='ocr_line' id='line_1_38' title="bbox 2685 240 2686 1303; baseline 0 0"><span class='ocrx_word' id='word_1_294' title='bbox 2685 240 2686 1303; x_wconf 95' lang='lat' dir='ltr'><strong> </strong></span> 
     </span>
    </p>
   </div>
   <div class='ocr_carea' id='block_1_11' title="bbox 2684 1534 2687 2425">
    <p class='ocr_par' dir='ltr' id='par_1_12' title="bbox 2684 1534 2687 2425">
     <span class='ocr_line' id='line_1_39' title="bbox 2684 1534 2687 2425; baseline 0 0"><span class='ocrx_word' id='word_1_295' title='bbox 2684 1534 2687 2425; x_wconf 95' lang='lat' dir='ltr'><strong> </strong></span> 
     </span>
    </p>
   </div>
  </div>
 </body>
</html>
