2692 4334
1254 238 1333 302 13

390 447 481 509 De
521 445 758 509 ratione
804 451 1001 508 autem
1044 462 1196 523 quae
1235 446 1393 507 inter
1422 443 1714 508 Graecum
1759 446 2211 526 grammaticum
2253 452 2315 509 et

253 549 538 611 Latinum
569 549 906 611 intercedat
934 548 1299 610 Ritsehelius
1313 542 1385 628 35)
1417 550 1640 627 optime
1671 549 1816 610 dicit
1845 547 2078 611 Graeca
2113 554 2174 610 et
2200 549 2311 610 La-

253 652 389 713 tina
428 654 545 713 etsi
586 652 645 712 in
677 651 963 733 plurimis
1004 651 1156 735 loeis
1198 651 1347 712 satis
1377 651 1534 712 inter
1564 669 1630 713 se
1672 669 1965 730 congrua,
2005 642 2203 713 tamen
2235 651 2311 711 ad

255 755 514 819 uerbum
544 755 788 815 minime
812 755 1136 834 quadrare,
1167 771 1375 815 uerum
1408 755 1494 814 sie
1518 754 1722 834 potius
1748 754 2015 829 differre,
2046 759 2114 815 ut
2136 754 2312 816 binos

258 856 691 934 grammaticos
737 875 808 918 ex
852 857 1061 918 eodem
1105 857 1343 935 quidem
1383 855 1580 931 fonte,
1627 856 1732 918 sed
1775 874 2054 919 seorsum
2086 862 2148 917 et
2180 874 2312 917 cum

261 958 612 1021 discrimine
634 959 915 1021 hausisse
938 963 1246 1040 appareat.
1296 957 1467 1034 Quod
1485 958 1847 1020 Ritsehelius
1868 959 2133 1020 Minerua
2151 957 2311 1019 haud

257 1060 454 1142 inuita
482 1061 792 1122 diuinasse
821 1061 997 1124 nobis
1027 1062 1264 1122 uidetur
1290 1060 1440 1122 ratis
1471 1062 1922 1138 grammaticum
1947 1066 2007 1123 et
2036 1060 2310 1123 Latinum

260 1168 323 1224 et
353 1160 649 1224 Graecum
681 1181 714 1225 e
744 1164 958 1225 Tzetze
988 1163 1299 1237 hausisse,
1325 1163 1777 1240 grammaticum
1808 1168 2007 1224 autem
2039 1162 2313 1224 Latinum

259 1264 482 1327 Tzetze
515 1271 758 1328 auctore
781 1284 953 1328 usum
986 1283 1123 1327 esse
1154 1265 1271 1326 iam
1302 1264 1651 1326 Dindorfius
1680 1264 1850 1325 uidit.

396 1384 663 1464 Denique
693 1385 990 1447 Henrieus
1019 1371 1250 1453 Keilius
1280 1402 1652 1446 communem
1696 1384 2058 1446 scholiorum
2089 1384 2313 1446 fontem

267 1485 515 1548 Ioannis
539 1488 788 1550 Tzetzae
811 1489 1242 1568 prolegomena
1265 1487 1625 1550 scholiorum
1652 1488 1714 1549 in
1730 1488 2154 1566 Aristophanis
2176 1487 2312 1548 Plu-

263 1594 393 1650 tum
437 1595 498 1652 et
527 1589 734 1652 Nubes
766 1591 1034 1670 repperit
1074 1594 1433 1669 repertaque
1474 1585 1766 1668 ediditffi).
1812 1588 1907 1652 Ibi
1949 1590 2176 1668 scripta
2215 1608 2312 1651 ex-

264 1695 438 1752 stant
466 1691 618 1753 haee
649 1686 814 1772 (pag.
850 1689 1043 1770 116.)=

397 1802 560 1869 εἷπον
584 1806 885 1870 συνθεῖναι
899 1805 1008 1869 τὸν
1017 1800 1301 1895 “ομηρον
1321 1807 1419 1870 ἐπὶ
1434 1803 1869 1895 Πεισιστράτου
1893 1796 2316 1893 ἑβδομήκοντα

266 1896 376 1972 δύο
407 1907 656 1997 σοφούς,
689 1901 774 1971 ὧν
803 1898 1227 1998 ἑβδομήκοντα
1259 1897 1368 1971 δύο
1400 1905 1548 1972 εἶναι
1579 1909 1685 1972 καὶ
1710 1908 1816 1972 τὸν
1846 1897 2187 1980 Ζηνόδοτον
2212 1909 2316 1971 καὶ

262 2007 638 2100 Ἀρίσταρχον
655 2031 669 2045 ·
710 2013 910 2075 καίτοι
950 2011 1258 2099 τεσσάρων
1289 1999 1522 2099 ἀνδρῶν
1561 2013 1660 2075 ἐπὶ
1699 2009 2137 2099 Πεισιστράτου
2182 2034 2314 2074 συν·

262 2110 498 2175 θέντων
536 2113 647 2176 τὸν
676 2106 982 2202 “Ομηρον,
1024 2112 1234 2188 οἵτινές
1276 2118 1418 2176 εἰσιν
1460 2106 1642 2176 οὗτοι·
1689 2113 2111 2204 ἑπικόγκυλος,
2142 2109 2314 2177 Ὀνο-

264 2211 557 2304 μάκριτος
572 2212 918 2296 Ἀθηναῖος,
962 2212 1246 2302 Ζώπυρος
1272 2211 1695 2304 Ἡρακλεώτης
1738 2217 1841 2279 καὶ
1863 2212 2118 2302 Ὀρφεὺς
2154 2212 2317 2301 Κρο-

262 2316 584 2392 τωνιάτης.

397 2438 630 2501 Ibidem
661 2458 804 2519 pag.
835 2443 954 2502 118
987 2440 1264 2518 leguntur
1291 2441 1474 2501 haee:

395 2553 507 2629 τοὶς
535 2550 898 2642 Ὀμηρείους
941 2544 1010 2618 δὲ
1051 2554 1161 2638 (se.
1193 2555 1459 2640 βίβλους)
1501 2545 1925 2642 κατεξαίρετον
1962 2555 2075 2642 πρὸ
2108 2547 2316 2620 διακο-

267 2656 415 2719 σίων
441 2657 547 2720 mi
575 2656 871 2721 πλειόνων
902 2659 1212 2721 ἐνιαυτιῶν
1242 2655 1606 2746 Πτολμαίου
1647 2665 1758 2720 τοῦ
1788 2647 2185 2747 Φιλαδέλφου
2215 2659 2317 2722 καὶ

264 2765 378 2832 τῆς
403 2747 776 2845 διορθώσεως
791 2749 1137 2830 Ζηνοδότου
1155 2758 1533 2823 συντέθεικεν
1549 2748 1782 2844 σπουδῇ
1799 2758 2232 2848 Πεισίστρατος
2243 2759 2315 2842 ³⁷)

263 2857 433 2946 παρὰ
461 2867 588 2922 τῶν
610 2858 916 2949 τεσσάρων
937 2858 1170 2924 τούτων
1200 2870 1425 2949 σοφῶν.
1469 2861 1568 2924 ἐπὶ
1590 2859 1935 2950 Κογκύλου,
1959 2858 2316 2950 Ὀνομακρί-

265 2982 381 3023 του
408 2982 481 3024 τε
512 2957 818 3031 Ἀθηναίου
835 3012 850 3043 ,
883 2959 1172 3046 Ζωπύρου
1202 2984 1273 3025 τε
1301 2959 1732 3050 Ἠρακλειότου
1762 2964 1865 3025 καὶ
1891 2960 2317 3048 Κροτωνιάτου

268 3058 561 3149 Ὀρφέως.
608 3060 770 3126 οὕτω
802 3061 909 3150 μὲν
922 3062 995 3126 ’ἓν
1022 3064 1250 3152 χρόνοις
1277 3073 1390 3126 τοῦ
1419 3062 1859 3148 Πεισιστράτου
1885 3073 2010 3136 τοῖς
2037 3062 2318 3148 τέσσαρσι

268 3162 507 3245 τούτοις
547 3175 751 3252 σοφοῖς
799 3168 862 3228 αἱ
902 3160 1228 3253 Ὀμηρικαὶ
1269 3164 1610 3255 συγγραφαὶ
1652 3164 1960 3252 τεμαχίοις
2008 3162 2318 3251 περιφερόἐ

272 3285 446 3353 μεναι
488 3264 895 3337 συνετέθησαν
933 3267 1037 3330 καὶ
1077 3267 1272 3350 βίβλοι
1317 3263 1611 3355 ἐγένοντο.
1644 3304 1725 3313 -
1757 3265 1860 3329 καὶ
1890 3268 1923 3329 ὁ
1952 3264 2320 3353 πεφυρμένος

270 3368 375 3430 καὶ
405 3356 691 3455 βδελυρὸς
721 3359 1115 3456 Ἡλιόδωρος,
1157 3371 1269 3431 οὐκ
1299 3358 1471 3443 εἰδὼς
1509 3367 1602 3431 ὅτι
1638 3371 1810 3455 ληρεῖ
1835 3407 1916 3417 -
1949 3368 2045 3432 ἐπὶ
2075 3364 2319 3432 Πεισισ-

374 3673 444 3738 ⁸⁵)
477 3681 530 3728 iu
559 3680 740 3728 libello=
778 3680 1070 3728 corollarium
1093 3678 1418 3740 disputationis
1451 3677 1508 3726 de
1541 3658 1755 3728 biblioth.
1802 3679 2030 3729 Alexand.
2064 3679 2212 3742 deque
2244 3681 2319 3730 Pi·

270 3765 448 3812 sistrati
465 3766 591 3812 euris
614 3765 800 3812 Homeri
821 3779 928 3827 pag.
993 3765 1041 3812 5.
1079 3757 1148 3822 ⁸⁶)
1167 3765 1215 3810 iu
1244 3763 1435 3821 „Rheim
1460 3764 1580 3811 Mus.
1604 3764 1671 3811 vt
1692 3779 1739 3811 u.
1763 3764 1848 3812 1²3¹
1874 3781 1979 3827 pag,
2008 3767 2104 3814 108
2117 3780 2247 3828 seqq.
2272 3770 2320 3814 et

268 3863 376 3911 pag.
409 3851 508 3897 243
518 3863 652 3912 seqq.
722 3842 792 3907 ⁸²)
826 3843 1082 3911 πεισιστρά
1116 3847 1219 3896 eod.
1265 3848 1481 3896 Lehrsius
1512 3850 1562 3895 in
1594 3850 1754 3897 eodem
1806 3850 1997 3907 „Rheim
2033 3850 2152 3897 Mus.
2188 3851 2320 3898 xvn

269 3947 376 3997 pag.
401 3935 503 3983 496
528 3926 666 3997 παρὰ
700 3933 849 3983 uideri
882 3933 1235 3996 dittographiam
1259 3947 1318 3980 ex
1341 3943 1498 3995 στρατ
1521 3936 1696 3982 censet.
