2692 4334
1377 236 1455 301 12

396 449 475 511 ad
506 449 624 512 hoc
651 467 808 529 opus
839 448 1106 510 diuinum
1136 447 1433 510 industria
1470 451 1751 528 quattuor
1790 445 2315 510 celeberrimorum
2342 450 2450 512 ho-

398 552 622 614 minum
652 551 934 614 uidelicet
963 550 1240 631 Goncyli‚
1271 549 1637 613 Onomacriti
1669 549 2056 612 Atheniensis
2073 543 2187 627 ²⁷),
2229 551 2452 632 Zopyri

401 655 790 717 Heracleotae
822 659 883 716 et
911 653 1137 733 Orphei
1168 652 1570 716 Crotoniatae.
1641 652 1793 714 Nam
1843 654 2094 732 carptim
2127 654 2297 733 prius
2326 653 2451 718 Ho-

396 776 597 820 merus
656 761 717 818 et
773 775 894 819 non
951 756 1067 818 nisi
1125 756 1474 818 difficillime
1535 755 1866 833 legebatur.
1962 753 2121 832 Quin
2183 751 2453 837 etiam²⁸)

399 865 543 941 post
577 856 875 921 Pisistrati
933 877 1137 920 curam
1191 863 1255 921 et
1295 858 1589 921 Ptolmaei
1649 857 2018 936 diligentiam
2062 858 2449 922 Aristarchus

404 963 599 1024 adhuc
628 963 894 1024 exactius
933 962 997 1023 in
1026 961 1271 1024 Homeri
1316 960 1677 1023 elimandam
1709 959 2120 1023 collectionem
2152 962 2451 1041 uigilauit.

400 1064 761 1127 Heliodorus
810 1064 999 1125 multa
1035 1064 1214 1126 aliter
1261 1064 1539 1142 nugauit‚
1592 1082 1745 1143 quae
1796 1063 2004 1141 longo'
2032 1065 2295 1126 conuitio
2340 1065 2450 1128 Ge-

400 1166 530 1228 cius
569 1166 973 1245 reprehendit.
1055 1166 1208 1227 Nam
1220 1160 1298 1242 ²⁹)
1345 1164 1489 1226 olim
1517 1165 1682 1226 LXX
1714 1165 1949 1227 duobus
1992 1165 2186 1228 doctis
2228 1168 2376 1229 uiris
2414 1187 2453 1229 a

399 1268 715 1347 Pisistrato
744 1269 886 1330 huic
914 1270 1157 1347 negotio
1200 1268 1567 1348 praepositis
1610 1268 1754 1330 dicit
1783 1267 2105 1330 Homerum
2150 1269 2237 1330 ita
2264 1270 2452 1332 fuisse

402 1371 821 1450 compositum,
855 1372 958 1451 qui
986 1371 1228 1449 quidem
1253 1369 1546 1432 Zenodoti
1569 1374 1631 1432 et
1646 1369 1978 1432 Aristarchi
2009 1370 2364 1433 industriam
2381 1368 2451 1449 ⁸⁰)

402 1473 679 1535 omnibus
720 1474 1051 1553 praelatam
1091 1472 1569 1552 comprobarint,
1624 1472 1781 1550 quod
1835 1476 2071 1534 constat
2111 1473 2302 1536 fuisse
2340 1474 2454 1535 fal-

403 1574 709 1638 sissimum
729 1619 746 1648 ,
791 1574 1017 1655 quippe
1056 1593 1187 1637 cum
1229 1576 1387 1636 inter
1414 1574 1793 1639 Pisistratum
1824 1580 1886 1636 et
1913 1574 2283 1638 Zenodotum
2325 1577 2454 1638 fue·

402 1677 525 1739 rint
548 1677 686 1737 anni
713 1694 897 1755 supra
920 1678 1228 1741 ducentos.
1260 1677 1646 1739 Aristarchus
1667 1680 1863 1738 autem
1888 1683 2168 1755 quattuor
2189 1680 2365 1740 annis
2376 1674 2455 1759 ³¹)

402 1780 597 1841 minor
624 1779 803 1841 fuerit
829 1780 967 1859 ipso
998 1785 1060 1842 et
1087 1779 1394 1842 Zenodoto
1424 1785 1603 1858 atque
1635 1778 2004 1842 Ptolmaeo.“

516 1879 648 1958 Quo
702 1882 778 1942 de
831 1882 1059 1944 scholio
1099 1882 1464 1944 Ritschelius
1477 1876 1550 1961 ⁸²)
1604 1886 1665 1942 et
1714 1882 2055 1945 Nitzschius
2068 1877 2142 1962 ⁸³)
2195 1883 2452 1944 multum

405 1984 881 2062 disputauerunt.
959 1984 1047 2047 De
1086 1984 1398 2063 coruptela
1441 1984 1675 2060 autem,
1718 2000 1839 2062 qua
1867 1984 2103 2047 laborat
2133 1985 2450 2060 scholium,

405 2087 563 2148 infra
593 2086 767 2149 nobis
798 2087 912 2148 erit
936 2087 1254 2164 agendum.

534 2188 666 2250 Hoc
695 2189 986 2251 scholium
1016 2190 1323 2250 inuentum
1356 2206 1488 2250 cum
1528 2188 1748 2249 multas
1791 2189 2107 2266 praeberet
2135 2188 2450 2251 difficulta-

403 2296 549 2367 tes‚'
581 2290 695 2351 uiri
724 2291 887 2352 docti
917 2291 1238 2370 optabant,
1290 2295 1359 2351 ut
1400 2308 1474 2367 „e
1512 2291 1687 2351 nouis
1731 2290 1997 2353 fontibus
2043 2291 2179 2369 ipsa
2219 2289 2450 2354 Graeca

405 2394 592 2454 uerba
633 2399 1009 2469 eruerentur,
1056 2410 1207 2472 quae
1248 2394 1307 2453 in
1350 2392 1625 2453 Latinum
1667 2409 2003 2454 sermonem
2033 2392 2230 2454 Plauti
2270 2392 2451 2454 inter·

407 2513 549 2575 pres
581 2493 1037 2557 conuenisset-⁴⁴
1087 2494 1259 2571 Quod
1291 2512 1364 2556 ex
1393 2494 1565 2574 parte
1596 2495 1798 2557 euenit
1827 2512 1860 2556 e
1891 2495 2151 2572 uulgatis
2183 2494 2449 2557 Crameri

406 2597 733 2659 Anecdotis
787 2582 1247 2659 Parisiensibus.
1337 2592 1534 2673 His⁸⁴)
1592 2597 1749 2658 enim
1803 2597 2043 2678 prodita
2090 2598 2244 2659 haec
2295 2602 2452 2674 sunt,

406 2700 629 2762 ceteris
673 2699 935 2762 omissis.

532 2798 730 2862 καίτοι
770 2797 881 2873 τοὶς
920 2794 1239 2885 Ομηρικάς
1282 2787 1708 2885 ἑβδομήκοντα
1738 2787 1846 2862 δύο
1893 2798 2305 2887 γραμματικοὶ
2359 2798 2456 2862 ἐπὶ

406 2897 851 2989 Πεισιστράτου
892 2898 1227 2970 Ἀθηναίων
1255 2896 1546 2987 τυράννου
1579 2888 1868 2970 διέθηκαν
1899 2901 2120 2964 οὑτωσί
2150 2889 2459 2988 σποράδην

406 3001 592 3078 αὕσας
630 3002 704 3066 τὸ
743 3003 892 3091 πρίν.
948 3001 1345 3089 ἐπεκρίθησαν
1387 2990 1455 3065 δὲ
1497 2999 1820 3065 κατάὐτόν
1849 3005 2077 3066 ἐκεῖνον
2107 3001 2213 3065 τὸν
2251 3002 2461 3091 καιρὸν

411 3102 508 3168 ὑπ’
537 3102 909 3193 Ἀριστάρχου
940 3105 1042 3169 καὶ
1071 3093 1438 3179 Ζηνοδότου,
1471 3101 1677 3168 ἄλλων
1710 3103 1899 3168 ὄντων
1928 3104 2167 3168 τούτων
2202 3113 2327 3168 τῶν
2360 3104 2462 3168 ἐπὶ

410 3204 771 3295 Πτολμαίου
804 3197 1279 3296 διορθωσάντων.
1326 3211 1383 3269 οἱ
1426 3197 1494 3270 δὲ
1535 3207 1817 3294 τεσσαρσί
1859 3229 1978 3271 τισι
2021 3214 2146 3270 τῶν
2187 3207 2283 3271 ἐπὶ
2312 3203 2463 3270 Πει-

409 3306 727 3396 σιστράτου
754 3299 1066 3397 διόρθωσιν
1091 3309 1499 3397 ἀναφέρουσιν,
1518 3305 1736 3397 Ὀρφεῖ
1751 3307 2171 3398 Κροτωνιάτῃ,
2186 3306 2461 3398 Ζωπύρῳ

410 3405 802 3497 Ἡρακλεώτῃ
818 3460 833 3490 ,
867 3406 1288 3498 Ὀνομακρίτῳ
1321 3408 1617 3489 Ἀθηναίῳ
1645 3411 1754 3474 καὶ
1785 3433 1910 3500 καγ
1942 3410 2037 3474 ἐπὶ
2067 3413 2369 3502 κογκυλω.

512 3681 580 3747 ²⁷)
616 3688 845 3736 athenien.
886 3689 993 3737 cod.
1063 3682 1132 3749 ²⁸)
1176 3689 1292 3749 Qum
1339 3688 1444 3737 cod.
1527 3681 1595 3749 ²⁹)
1638 3689 1754 3737 Nam
1804 3688 1866 3736 ol.
1906 3687 2072 3736 Lxxn
2120 3687 2299 3737 duobus
2345 3689 2463 3738 cod.

410 3767 479 3834 ⁸⁰)
501 3774 729 3822 industria
750 3774 855 3822 cod.
926 3768 996 3834 ⁸¹)
1032 3778 1249 3838 quattuor
1270 3776 1425 3835 regnis
1448 3775 1645 3822 coniecit
1666 3774 1844 3822 Ritsch.
1915 3766 1983 3833 ⁸’)
2019 3773 2054 3820 1.
2089 3773 2125 3821 1.
2161 3788 2207 3835 p.
2233 3774 2462 3823 36—71.

410 3853 478 3919 ⁸⁸)
497 3873 772 3922 programm.
794 3859 852 3907 de
862 3860 1103 3909 Pisistrato
1113 3860 1300 3908 Homeri
1323 3860 1574 3908 carminum
1589 3861 1911 3908 instauratore.
1936 3859 2208 3907 111011839.
2235 3851 2304 3918 ⁸⁴)
2322 3858 2416 3906 nol.
2429 3860 2469 3907 1.
2487 3878 2499 3889 ·

406 3959 512 4008 pag.
538 3947 585 4004 6,
611 3959 729 4007 quae
753 3960 810 3993 ex
835 3946 1083 4008 scriptione
1107 3947 1337 4007 Anonymi
1377 3937 1495 4008 Περὶ
1532 3937 1803 4009 κωμῳδίας
1828 3946 2013 4005 sumpta
2034 3947 2159 3991 sunt.
