2692 4334
1340 203 1424 268 34

366 428 504 485 nes3
540 410 645 471 sed
679 410 994 489 opiniones
1025 416 1284 485 tantum,
1330 431 1441 473 nec
1471 413 1618 474 certi
1649 412 1971 491 quidquam
2001 412 2178 477 facile
2210 413 2421 476 afferri

366 514 607 592 poterit.
669 513 948 574 Nostram
992 531 1226 592 quoque
1272 516 1632 576 sententiam
1674 515 1726 575 si
1758 533 2055 595 exponere
2084 515 2294 590 liceat,
2324 516 2421 576 ita

365 617 618 677 forsitan
647 634 746 677 res
780 634 846 677 se
877 617 1185 677 habuerit:
1234 617 1621 697 Rhapsodiae
1650 617 1894 678 Homeri
1926 635 2056 677 cum
2092 619 2339 698 carptim
2376 637 2421 679 a

362 718 687 797 rhapsodis
722 719 1214 795 decantarentur,
1246 739 1366 781 non
1400 723 1718 781 uniuersae
1751 720 2269 796 describebantur,
2302 721 2419 780 sed

365 823 557 898 magis
590 823 899 898 magisque
932 823 1258 900 separatim
1293 824 1655 884 circumferri
1699 828 1948 901 coeptae
1989 828 2174 884 erant.
2248 822 2417 884 Socii

362 943 504 984 uero
536 925 834 984 Pisistrati
875 924 986 984 has
1020 925 1290 1002 singulas
1328 925 1695 1005 rhapsodias
1731 924 2101 1002 collegerunt
2130 931 2191 985 et
2218 927 2278 985 in
2309 944 2416 985 or-

364 1027 559 1087 dinem
600 1028 992 1103 redegerunt,
1041 1027 1149 1086 sed
1191 1045 1318 1087 cum
1371 1029 1520 1088 locis
1566 1028 1974 1107 compluribus
2006 1028 2416 1088 contexendae

363 1136 598 1205 essent,
630 1130 810 1190 arctis
844 1129 1015 1207 quasi
1046 1128 1277 1207 laqueis
1326 1135 1621 1193 extremas
1653 1131 2009 1208 rhapsodias
2055 1148 2187 1190 cum
2217 1130 2415 1191 initiis

361 1251 595 1308 earum,
627 1250 778 1309 quae
821 1231 1258 1309 sequebantur,
1300 1234 1720 1308 conectebant,
1753 1233 1859 1293 sed
1904 1252 2020 1293 non
2066 1250 2305 1312 semper
2345 1233 2417 1293 id

358 1341 461 1394 aut
490 1335 617 1394 fieri
652 1340 903 1412 poterat,
936 1340 1039 1393 aut
1066 1353 1184 1395 non
1217 1334 1470 1394 feliciter
1498 1336 1718 1396 factum
1751 1354 1886 1396 esse
1910 1352 1983 1395 ex
2009 1335 2168 1395 haud
2195 1335 2413 1414 paucis

359 1438 506 1498 locis
539 1438 994 1515 perpetuitatem
1029 1436 1512 1497 desiderantibus
1558 1444 1833 1518 apparet.
1890 1436 2007 1498 Sed
2038 1454 2404 1515 quamquam

360 1545 646 1617 quantum
688 1556 905 1616 operae
948 1557 985 1596 a
1028 1538 1281 1615 singulis
1313 1539 1667 1616 praestitum
1700 1536 1807 1612 sit,
1842 1539 2171 1612 nescimus,
2202 1544 2410 1600 tamen

359 1639 802 1702 Onomacritum
866 1640 1074 1700 ducem
1128 1659 1330 1701 eorum
1388 1642 1574 1703 fuisse
1631 1641 2026 1702 confidentius
2059 1641 2412 1703 dixerimus,

356 1744 506 1804 Nam
539 1744 676 1803 huic
708 1744 1084 1822 potissimum
1115 1743 1613 1822 interpolationes
1655 1745 1805 1805 adeo
1837 1728 2305 1823 exprobrantur,
2342 1750 2419 1825 ut

356 1851 535 1905 antea
566 1847 616 1906 ei
652 1847 766 1906 soli
794 1845 1036 1904 Homeri
1068 1847 1337 1907 recensio
1369 1847 1594 1907 tributa
1626 1847 1706 1907 sit
1721 1841 1817 1922 ⁷²).
1865 1847 1945 1906 At
1978 1847 2027 1907 si
2062 1846 2415 1909 considera-

355 1950 549 2022 ueris,
583 1967 756 2026 quam
791 1966 1007 2023 magno
1041 1948 1239 2008 studio
1269 1954 1509 2010 ueteres
1541 1950 1732 2009 conixi
1766 1949 1918 2023 sint,
1949 1952 2016 2008 ut
2046 1932 2414 2027 scriptorum

357 2034 789 2131 poetarumque
805 2044 877 2130 ⁷³)
921 2068 1104 2127 opera
1143 2051 1379 2127 integra
1419 2058 1596 2130 atque
1628 2030 1976 2131 incorrupta
2004 2051 2409 2123 traderentur,

357 2172 461 2214 eos
495 2155 552 2212 in
586 2153 950 2241 carminibus
982 2152 1225 2241 Homeri
1255 2154 1605 2214 ordinandis
1638 2173 1710 2214 ex
1738 2154 1985 2214 libidine
2017 2171 2127 2216 sua
2148 2172 2259 2232 pro
2281 2151 2412 2213 Ho-

354 2258 592 2317 mericis
637 2244 985 2317 uenditasse
1038 2255 1137 2313 uix
1168 2256 1327 2316 credi
1359 2258 1609 2339 poterit,
1640 2257 1996 2336 praesertim
2028 2274 2192 2316 cum.
2227 2273 2409 2333 quam

355 2377 565 2419 seuere
613 2360 674 2418 in
708 2357 1154 2418 Onomacritum
1202 2363 1416 2437 postea
1460 2344 1534 2420 ob
1582 2359 2075 2437 interpolationes
2107 2357 2410 2437 Orphicas

355 2462 691 2522 consultum
723 2463 821 2535 sit,
853 2468 1047 2521 tecum
1079 2462 1478 2537 reputaueriS.
1538 2462 1750 2540 Itaque
1770 2457 1941 2523 'recte
1975 2460 2312 2521 Nitzschius
2327 2455 2402 2536 74)

353 2569 558 2623 censet
603 2565 758 2643 quod
808 2564 869 2622 in
910 2563 1104 2622 Iliade
1147 2568 1207 2621 et
1238 2556 1531 2640 Odyssea·
1557 2569 1725 2624 tanta
1771 2569 2045 2624 cernatur
2077 2580 2307 2631 morum
2339 2566 2402 2622 et

352 2666 702 2744 opinionum
734 2665 1147 2744 aequabilitaS,
1179 2665 1241 2725 id
1274 2665 1453 2726 etiam
1484 2684 1642 2727 nune
1673 2668 2028 2728 documento
2051 2683 2216 2749 nesse,
2246 2664 2399 2725 Pisi-

357 2750 527 2828 strati
583 2768 778 2828 socios
831 2767 1082 2826 multum
1126 2768 1242 2828 sibi
1283 2773 1685 2846 temperasse,
1729 2788 1803 2830 ne
1852 2787 1996 2830 suae
2037 2767 2256 2829 aetatis
2303 2766 2399 2827 uel

353 2876 551 2931 sectae
595 2871 908 2949 opiniones
949 2870 1370 2946 interpolando
1412 2873 1850 2946 immiscerent,
1884 2889 2080 2949 neque
2120 2886 2265 2930 uero
2313 2869 2400 2929 eis

349 2954 595 3033 licuisse
627 2974 686 3032 in
720 2979 898 3052 poeta
926 2978 1046 3031 tam
1079 2973 1218 3053 trito
1244 2974 1522 3034 omnibus
1548 2980 1608 3034 et
1630 2980 1790 3034 noto.
1835 2973 1959 3059 ‚Sed
1988 2973 2137 3035 satis
2163 2972 2402 3032 uidetur

351 3076 725 3136 coniecturae
757 3074 1105 3135 indulsisse.

476 3168 788 3269 Reliquum
832 3175 957 3250 est,
988 3183 1055 3237 ut
1101 3196 1204 3239 eos
1237 3178 1433 3254 locoS,
1468 3178 1629 3257 quod
1677 3180 1752 3240 ab
1784 3179 1922 3259 ipso
1951 3177 2270 3239 Pisistrato
2301 3175 2399 3239 uel

351 3282 427 3342 ab
473 3282 600 3351 eius
642 3280 1015 3341 adiutoribus
1061 3281 1456 3359 interpolatos
1499 3299 1637 3342 esse
1668 3281 1915 3342 tradunt
1955 3285 2223 3352 ueteres,
2257 3298 2400 3339 enn-

348 3401 665 3459 meremuS,
694 3385 989 3462 simulque
1008 3384 1298 3447 addemus
1327 3384 1482 3445 alios
1512 3385 1853 3459 nonnuIIOS,
1886 3384 2008 3462 qui,
2042 3398 2398 3461 quamquam

349 3466 468 3546 non
498 3486 708 3546 horum
740 3486 1082 3577 testimonio
1116 3487 1495 3561 damnantur,
1527 3492 1726 3547 tamen
1757 3486 1919 3565 quod
1953 3490 2014 3546 et
2042 3485 2222 3547 alieni
2259 3488 2401 3545 sunt

390 3772 395 3777 -
454 3736 748 3809 ⁷²)dLobeck.
773 3743 804 3787 1.
832 3743 864 3788 1.
883 3733 988 3802 pag.
1016 3744 1131 3788 633.
1165 3766 1222 3774 --
1259 3742 1467 3789 Nitzsoh.
1493 3742 1648 3789 molet.
1671 3742 1710 3790 1.
1736 3756 1842 3802 pag.
1870 3743 1987 3789 164.
2059 3734 2127 3798 ⁷⁸)
2151 3741 2270 3787 vitt.
2297 3741 2396 3787 dec.

349 3830 485 3875 oratt.
513 3829 607 3873 841
623 3827 676 3872 F.
746 3829 935 3873 Aristot.
967 3829 1089 3886 poet.
1124 3827 1211 3883 IV,
1254 3829 1334 3875 16.
1405 3829 1566 3874 Horat.
1595 3831 1681 3875 art.
1717 3831 1844 3888 poet.
1880 3828 1997 3875 278.
2070 3827 2229 3884 Quint.
2265 3826 2324 3872 X.
2353 3827 2396 3871 1.-

350 3914 431 3961 66.
504 3905 569 3969 ⁷⁴)
604 3914 654 3957 in
688 3925 959 3989 programm.
987 3925 1090 3970 pag.
1117 3914 1200 3958 23.
