2692 4334
1279 225 1363 290 39

434 433 630 495 Etiam
672 433 760 494 illi
799 450 1011 495 uersus
1052 452 1184 495 cum
1227 439 1288 495 et
1326 436 1605 498 heroides
1655 436 2058 497 Athenienses
2110 453 2353 515 compo-

307 541 455 596 nant
493 554 623 596 cum
665 536 801 596 aliis
843 536 998 597 alius
1031 538 1214 616 mythi
1254 538 1539 599 heroibus
1570 544 1631 598 et
1662 538 1948 613 Minoem,
1992 538 2090 616 qui
2131 538 2353 599 nemini

307 639 423 700 nisi
458 638 925 701 Atheniensibus
968 639 1393 701 infestissimus
1437 640 1554 701 dici
1596 644 1827 720 potest,
1872 636 2207 719 ὀλοόφρονα
2248 660 2355 701 ιιο-

307 736 646 821 minent94),
680 742 947 821 suspecti
983 748 1137 804 sunt.
2397 736 2404 741 ’

435 843 704 921 Denique
737 837 787 902 A
823 845 942 905 265
974 845 1136 905 hoc
1119 864 1177 905 in
1211 863 1458 906 numero
1490 851 1585 905 est
1611 846 1952 907 habenduS.

615 939 831 1012 Θησέα
859 941 912 1004 τ’
938 933 1241 1032 Αἰγείδην,
1274 944 1605 1007 ἐπιείκελον
1635 943 2028 1007 ἀθανάτοισιν

308 1048 409 1125 qui
444 1065 654 1110 uersus
687 1049 849 1109 nullo
890 1050 1014 1110 fere
1055 1050 1239 1112 uerbo
1273 1051 1579 1129 discrepat
1609 1050 1685 1110 ab
1715 1048 1755 1108 λ
1781 1052 1921 1120 631,
1965 1066 2137 1127 quem
2179 1048 2357 1109 modo
2461 1088 2465 1093 -

309 1152 927 1213 commemorauimus.

438 1253 748 1316 Postremo
779 1254 1179 1316 Kirchhosfius
1209 1256 1322 1315 hos
1355 1255 1551 1316 addit:

512 1375 551 1424 η
589 1359 737 1416 146:
783 1348 1036 1439 Ἀρήτη,
1069 1350 1335 1442 θύγατερ
1366 1343 1718 1442 Ῥηξήνορος
1748 1349 2048 1415 ἀντιθέοιο

309 1477 485 1536 quem
527 1476 764 1535 uersum
810 1463 913 1518 aut
942 1462 1133 1519 totum
1177 1459 1466 1520 insertum
1501 1477 1636 1521 esse
1668 1465 1873 1520 censet
1902 1465 2004 1520 aut
2035 1463 2355 1531 mutatum3
2431 1523 2435 1528 ,

308 1565 573 1622 mutatus
605 1561 654 1620 si
689 1567 879 1630 esset,
912 1578 1126 1621 nomen
1158 1565 1389 1621 tantum
1425 1554 1729 1645 ,,Ἀρῆτη“
1761 1579 2109 1638 germanum
2142 1561 2351 1622 uideri.

309 1662 504 1739 Atque
535 1682 566 1719 ν
598 1664 808 1723 320—
835 1664 987 1723 323:

514 1759 650 1825 ἀλλ’
672 1762 788 1823 αἰεὶ
819 1762 1018 1849 φρεσὶν
1047 1755 1178 1832 ἧσιν
1211 1765 1362 1850 ἔχων
1395 1750 1789 1851 δεδαιγμένον
1815 1755 1963 1848 ἦτορ

512 1863 784 1951 ἠλώμην,
815 1864 948 1936 εἵως
978 1884 1053 1950 με
1086 1862 1214 1925 θεοὶ
1246 1863 1587 1938 κακότητος
1618 1868 1835 1927 ἔλυσαν

510 1965 644 2051 πρίν
673 1962 730 2055 γ’
759 1965 861 2029 ὅτε
892 1962 1188 2036 Φαιήκων
1218 1954 1451 2054 ἀνδρῶν
1480 1969 1543 2030 ἑν
1571 1967 1727 2030 πίονι
1760 1956 1936 2053 δήμῳ

513 2066 810 2156 θάρσυνάς
837 2066 892 2131 τ’
915 2069 1148 2131 ἐπέεσσι
1180 2068 1284 2131 καὶ
1315 2069 1373 2142 ἐς
1402 2068 1575 2132 πόλιν
1605 2068 1834 2159 ἤγαγες
1864 2071 2037 2139 αὐτ-ἠ.

438 2171 551 2249 Qui
582 2191 793 2235 uersus
825 2175 1010 2235 uariis
1036 2192 1106 2235 ex
1138 2176 1336 2236 causis
1369 2176 1484 2236 iam
1510 2194 1548 2235 a
1570 2176 1874 2237 ueteribus
1909 2176 2130 2236 criticis
2142 2168 2216 2251 ⁹⁵)
2246 2175 2352 2235 ha-

307 2277 524 2338 bentur
551 2277 807 2351 insitiui,
841 2277 1072 2356 priores
1112 2278 1189 2338 ob
1221 2277 1435 2337 falsum
1469 2295 1642 2338 usum
1673 2268 1804 2345 ἧσιν
1835 2295 1951 2357 pro
1981 2278 2211 2363 ἐμῇσιν,
2245 2295 2352 2356 po-

307 2380 591 2441 steriores
621 2380 698 2440 ob
729 2379 1063 2441 Phaeacum
1097 2380 1476 2441 mentionem.

437 2482 658 2543 Horum
692 2483 876 2560 igitur
903 2500 1186 2543 uersuum
1215 2482 1374 2542 haud
1410 2482 1537 2543 scio
1567 2501 1642 2543 an
1676 2481 1943 2561 plerique
1975 2500 2013 2541 a
2035 2480 2353 2543 Pisistrato

308 2583 408 2645 uel
449 2586 576 2647 eius
616 2586 798 2646 sociis
839 2584 1185 2665 interpolati
1231 2585 1373 2646 sint.
1435 2584 1553 2693 Sed
1586 2586 1762 2664 plura
1792 2585 1866 2646 de
1895 2584 2010 2646 bac
2051 2603 2114 2644 re
2144 2584 2354 2662 dispu-

309 2693 440 2747 tare
471 2688 676 2748 charta
707 2688 1047 2768 prohibeor.

439 2789 645 2868 Itaque
675 2792 825 2852 haec
856 2810 1089 2851 summa
1118 2795 1212 2852 est
1241 2790 1696 2867 disputationis.

441 2891 818 2970 „Carminum
850 2891 1301 2954 Homericorum
1332 2897 1539 2971 partes
1571 2911 1702 2952 cum
1738 2891 2082 2969 singulatim
2123 2898 2351 2952 tantum

309 3002 370 3056 et
399 3014 438 3056 a
464 2996 785 3075 rhapsodis
815 2996 1121 3056 decantari
1152 2999 1213 3055 et
1242 2994 1501 3054 describi
1535 2994 1826 3068 solerent,
1852 2994 2134 3055 confusae
2165 3011 2234 3054 ao
2265 2994 2353 3054 di-

309 3116 559 3178 spersae
589 3096 829 3160 Solonis
859 3114 1062 3157 curam
1087 3100 1422 3171 mouerunt,
1453 3096 1572 3173 qui,
1603 3101 1670 3155 ιιι
1692 3095 2128 3173 rhapsodorum
2157 3095 2353 3155 libidi-

305 3220 443 3262 nem
498 3205 823 3275 coerceret,
875 3200 1009 3276 lege
1053 3199 1276 3271 sanxit,
1330 3203 1400 3258 ut
1442 3198 1715 3275 singulae
1761 3202 1965 3276 partes
2019 3200 2223 3258 exacte
2274 3197 2349 3257 ad

307 3303 711 3380 exemplorum
762 3298 944 3364 fidem
1009 3302 1419 3363 recitarentur.
1508 3299 1858 3360 Pisistratus
1917 3317 2061 3359 uero
2121 3300 2356 3360 circiter

307 3403 476 3464 LXII
504 3403 747 3484 Olymp.
788 3411 1068 3483 quattuor
1107 3404 1287 3479 uiris,
1329 3402 1739 3473 ommam-ito,
1782 3401 2048 3480 Zopyro,
2091 3401 2352 3481 Orpheo,

306 3504 612 3585 Conchylo
653 3502 752 3586 (de
793 3525 911 3585 quo
953 3507 1291 3568 etiamnunc
1330 3501 1720 3583 haesitamus)
1762 3502 2185 3565 adiuuantibus
2226 3508 2353 3564 tum

304 3616 375 3670 ut
400 3611 688 3672 festorum
733 3609 1117 3689 splendorem
1146 3615 1398 3686 augeret
1424 3614 1550 3670 tum
1580 3613 1647 3668 ut
1673 3607 1738 3668 in
1767 3607 2131 3670 bibliotheca
2165 3605 2353 3686 depo-

1443 3746 1474 3757 ο·

409 3825 477 3890 ⁹¹)
502 3833 615 3880 ibid.
638 3847 744 3893 pag.
772 3833 861 3890 983
887 3832 1135 3880 Kirehboff.
1165 3832 1197 3879 1.
1224 3832 1256 3879 l.
1280 3846 1386 3893 pag.
1411 3829 1554 3879 xvn.

410 3911 478 3978 ⁹⁸)
500 3917 563 3998 cf.
588 3920 699 3967 edit.
725 3919 867 3981 Odys.
891 3919 1043 3969 Faeni.
1079 3918 1177 3965 nol.
1202 3918 1246 3965 11
1268 3932 1377 3979 pag.
1405 3920 1489 3966 21.
