2692 4334
1305 229 1391 295 20

1136 540 1393 605 CAPUT
1431 541 1544 605 111.

315 708 402 771 De
443 708 781 771 recensione
809 708 1054 771 Homeri
1081 709 1435 772 Pisistratea
1474 709 1617 790 quid
1656 712 2036 773 statuendum
2066 711 2362 775 uideatur.

444 864 753 944 Plerisque
785 866 837 926 si
860 865 1239 926 Pisistratum
1270 867 1496 944 optime
1528 867 1606 927 de
1636 867 2001 929 carminibus
2024 866 2378 931 Homericis-

316 968 590 1027 meritum
633 985 770 1028 esse
818 967 1187 1046 persuadere
1210 968 1555 1045 nollemus,
1608 970 1690 1030 ab
1727 988 1801 1030 ea
1843 971 2140 1031 sententia
2180 970 2361 1031 nobis

315 1069 812 1148 proficiseendum
856 1076 1048 1145 esset,
1080 1088 1260 1149 quam
1303 1089 1461 1131 nune
1491 1087 1701 1132 omnes
1730 1072 1855 1134 fere
1886 1071 2233 1151 philologos
2263 1089 2361 1133 se-

315 1174 436 1233 cuti
463 1172 716 1233 Iliadem
747 1178 811 1232 et
824 1170 1159 1250 Odysseam
1192 1174 1392 1234 statim
1416 1173 1494 1234 ab
1524 1173 1694 1235 initio
1724 1174 1941 1235 litteris
1962 1174 2279 1235 mandatas
2304 1180 2365 1234 et

314 1294 386 1334 ex
433 1275 699 1352 perfeeto
741 1275 992 1336 consilio
1038 1280 1293 1353 panetas
1325 1293 1461 1337 esse
1492 1276 1873 1338 arbitrantur.
1930 1275 2050 1338 Sed
2082 1278 2376 1355 quoniam

315 1378 490 1437 nobis
522 1379 901 1455 propositum
933 1396 1051 1438 non
1076 1382 1187 1451 est,
1218 1383 1285 1439 ut
1305 1378 1689 1440 Pisistratum
1711 1379 1788 1440 ob
1809 1380 2026 1440 merita
2053 1379 2161 1439 illa
2182 1398 2362 1458 quam

317 1480 573 1539 maxime
604 1480 993 1554 celebremus,
1027 1480 1134 1540 sed
1165 1485 1232 1539 ut
1262 1481 1394 1541 sine
1423 1482 1514 1541 ira
1543 1486 1604 1541 et
1634 1481 1835 1542 studio
1867 1499 1900 1543 e
1922 1482 2192 1544 fontibus
2213 1482 2360 1544 hau·

312 1587 568 1654 flamus,
600 1598 676 1640 ne
708 1599 914 1642 curare
956 1582 1195 1658 quidem
1226 1583 1417 1644 satius
1451 1584 1592 1658 erit,
1640 1590 1835 1643 utram
1873 1601 2030 1645 unus
2072 1590 2254 1662 poeta
2283 1603 2359 1644 an

313 1683 485 1744 multi
526 1684 634 1745 illa
673 1685 937 1744 carmina
968 1684 1378 1759 condiderint,
1411 1686 1634 1764 quippe
1680 1703 1833 1763 quae
1889 1705 1988 1748 res
2031 1687 2110 1747 ad
2147 1687 2359 1766 dispu-

318 1789 606 1847 tationem
635 1791 904 1863 nostram
934 1786 1080 1846 nihil
1112 1788 1333 1847 ualeat.

336 1932 341 1939 .
438 1888 703 1948 Primum
732 1890 915 1965 igitur
942 1889 1278 1964 uideamus,
1309 1889 1454 1967 quid
1491 1908 1564 1953 ex
1591 1890 1859 1957 fontibus
1889 1890 2009 1952 illis
2041 1891 2359 1952 efficiatur.
2435 1908 2442 1913 ’

311 1989 482 2066 Quod
506 1992 581 2050 ,εἰ
625 1992 1043 2069 statuerimus,
1084 2010 1294 2054 norma
1331 1992 1577 2052 inuenta
1621 1993 1770 2066 erit,
1799 1990 1917 2071 qua
1958 1995 2356 2055 recentiorum

313 2093 534 2155 iudicia
562 2094 759 2154 metiri
789 2095 1110 2171 possimus.

434 2195 572 2259 Alia
601 2196 842 2273 quidem
870 2196 1086 2272 uerba,
1122 2213 1277 2274 quae
1317 2197 1650 2275 scriptores
1677 2201 1914 2259 ueteres
1943 2197 2350 2267 adhibuerunt

307 2298 383 2359 ad
425 2299 817 2373 narrandum,
865 2297 1007 2376 quid
1049 2298 1124 2358 de
1165 2299 1463 2377 poematis
1502 2297 1837 2360 Homericis
1868 2299 2223 2365 Pisistratus
2266 2301 2353 2362 fe—

309 2401 523 2473 cisset,
569 2401 907 2477 exprimunt
946 2405 1261 2477 tyrannum
1316 2419 1390 2461 ea
1430 2397 1747 2482 colleyisee
1788 2396 2069 2485 (ἤθροισα
2113 2396 2356 2482 (epigr),

306 2489 624 2585 ἠθροίζετο
656 2498 985 2581 (Ρεαεαηὴ,
1028 2499 1386 2587 συναγαγών
1420 2497 1720 2583 (Aeliam),
1765 2499 2037 2590 συλλογή
2072 2503 2353 2584 (Βίὺαι.))

309 2606 429 2666 alia
445 2604 831 2686 composuise
851 2599 1234 2686 (συντεθῆναι
1251 2601 1311 2685 (J
1315 2599 1572 2685 oseph.),
1597 2599 1889 2682 συνετέθη
1901 2602 2008 2665 καὶ
2016 2601 2355 2691 συνετάχθη

307 2703 541 2786 (Suum,
574 2708 949 2785 disposuisse
978 2702 1238 2786 (Cicer.),
1263 2706 1320 2766 οἱ
1344 2703 1692 2790 συνθέμενοι
1717 2704 1957 2788 (Eust.)‚
1978 2710 2042 2769 iu
2063 2709 2354 2784 ordinem,

306 2809 540 2886 redegit
568 2806 780 2890 (schol.
813 2803 1031 2889 Plaut.)
1063 2805 1830 2892 ouvevsflncoev(Tzetzes).)
1897 2811 2066 2873 Inter
2105 2813 2354 2885 uerbum

309 2912 631 2987 colligemdi
698 2917 760 2973 et
811 2912 1172 2990 disponendi
1239 2916 1334 2973 est
1385 2913 1624 2990 quidem
1673 2915 2024 2989 discrimen,
2078 2914 2144 2976 id
2194 2915 2355 2993 quod

314 3014 806 3077 Wesxtermannus
861 3010 1377 3091 animaduertit¹)‚
1420 3016 1528 3076 sed
1574 3016 1723 3077 illud
1765 3017 1916 3077 nihil
1953 3018 2171 3092 refert,
2221 3035 2357 3078 cum

310 3117 669 3194 scriptorum
711 3118 1122 3196 unusquisque
1168 3118 1229 3178 id
1260 3123 1527 3196 premat,
1561 3118 1723 3197 quod
1764 3120 1822 3180 ei
1848 3119 2088 3182 uidetur
2120 3120 2353 3197 grauis·-

307 3218 523 3279 simum
570 3238 762 3298 neque
799 3221 864 3281 id
906 3221 1299 3282 omittendum
1343 3227 1466 3295 est,
1512 3220 1672 3300 quod
1720 3226 1929 3284 omnes
1972 3222 2173 3283 studia
2200 3222 2356 3283 Pisi-

313 3326 539 3382 stratea
562 3322 770 3397 uerbis
801 3327 1035 3384 tantum
1063 3329 1349 3401 tangunt„
1398 3322 1729 3403 Utrumque
1774 3331 1933 3387 certe
1963 3325 2044 3388 ad
2072 3325 2352 3386 Pinum-

302 3430 429 3484 tum
450 3464 453 3467 -
474 3425 783 3502 pertinere
814 3427 1144 3503 putandum
1184 3426 1364 3487 nobis
1407 3427 1549 3503 erit,
1593 3429 1694 3505 qui
1738 3430 1799 3489 e‘t
1827 3428 2074 3506 collegit
2102 3434 2164 3490 et
2187 3432 2351 3490 eoin-

301 3528 504 3605 posuit
554 3527 806 3587 disiecta
853 3530 1124 3590 membra
1176 3534 1410 3607 poetae.
1484 3530 1721 3592 Nodum
1780 3537 1982 3593 autem
2034 3532 2098 3591 in
2148 3531 2350 3611 scirpo

302 3629 677 3708 quaesiuisse
720 3631 896 3692 nobis
937 3632 1242 3707 uidentur,
1293 3633 1395 3712 qui
1437 3633 1787 3695 alterutrum
1827 3633 2023 3711 magis
2075 3651 2348 3711 premen-

302 3730 438 3791 dum
476 3750 611 3792 esse
664 3732 893 3813 opinati
946 3738 1102 3795 sunt.
1191 3735 1327 3794 Jam
1367 3753 1510 3796 uero
1552 3743 1788 3798 ueteres
1833 3736 2098 3797 earmina
2137 3735 2217 3796 ad
2258 3739 2348 3795 to·

405 3929 444 3993 ¹)
480 3937 535 3982 In
556 3934 688 3992 libro,
715 3951 851 3998 quem
874 3951 1014 3998 supra
1036 3939 1284 3986 memoraui
1305 3939 1356 3986 in
1379 3952 1483 3999 pag.
1514 3941 1594 3988 18.
1619 3943 1716 3989 not.
1746 3941 1825 3988 16.
