2692 4334
233 1150 563 1249 Carmina
590 1185 911 1248 Homerica
940 1189 1239 1266 quomodo
1266 1208 1306 1250 a
1332 1194 1606 1268 tempore
1631 1189 1737 1249 illo
1754 1235 1770 1263 ,
1816 1206 1933 1267 quo
1963 1192 2096 1250 orta
2126 1195 2283 1263 sunt,

237 1306 436 1367 usque
464 1288 544 1350 ad
568 1287 871 1351 Pisistrati
903 1294 1158 1351 aetatem
1186 1292 1362 1352 nobis
1390 1286 1613 1352 tradita
1641 1299 1778 1351 esse
1809 1291 2123 1351 uideantur
2150 1309 2284 1351 cum

234 1391 360 1451 hoe
397 1390 529 1451 loco
568 1396 829 1468 nequeat
871 1392 1207 1461 accuratius
1252 1392 1577 1471 disputari,
1632 1396 1912 1471 quoniam
1949 1393 2046 1453 uel
2086 1394 2284 1453 minus

244 1491 393 1555 illud
411 1537 427 1567 ‚
458 1492 616 1570 quod
644 1492 822 1554 nobis
853 1494 1234 1573 propositum
1266 1500 1389 1569 est,
1422 1512 1718 1559 summum
1745 1495 1996 1573 requirit
2021 1484 2285 1556 studium

242 1594 682 1673 plurimumque
722 1594 865 1669 otii,
913 1604 1085 1656 nunc¹
1112 1596 1371 1658 sufficiat
1411 1592 1737 1676 exponere,
1782 1597 1921 1675 quid
1963 1597 2038 1657 de
2076 1597 2183 1656 illa
2219 1616 2286 1658 re
2388 1602 2395 1607 '

244 1697 426 1758 etiam
479 1697 806 1759 maioribus
851 1696 1302 1760 difficultatibus
1349 1699 1638 1762 obstricta
1680 1704 1915 1761 ueteres
1952 1699 2282 1760 retulerint.

242 1797 320 1859 In
349 1798 503 1860 Asia
525 1798 770 1861 Homeri
802 1801 1067 1860 carmina
1094 1801 1355 1879 primum
1384 1800 1702 1862 decantata
1729 1819 1865 1862 esse
1892 1801 2287 1862 inter'o't'nnes

244 1905 511 1974 constat3
538 1902 699 1963 unde
726 1920 767 1962 a
792 1901 1096 1980 Lycurgo,
1126 1903 1220 1963 cui
1250 1903 1625 1983 Creophylus
1655 1904 1975 1978 donasset,
2005 1903 2287 1982 Spartam

240 2019 382 2065 esse
411 2003 731 2082 deportata
760 2003 873 2065 Dio
905 2003 1375 2082 chrysostomus
1389 2001 1431 2081 1)
1461 2010 1684 2066 narrat.
1745 2005 1914 2067 Idem
1944 2006 2068 2066 fere
2097 2009 2284 2066 testa·-

239 2100 783 2185 tur‚P1utarchas2)
804 2105 1140 2184 Lycurgum
1171 2123 1304 2166 cum
1327 2106 1572 2169 Homeri
1600 2124 1814 2168 uersus
1844 2107 2097 2185 legisset
2124 2108 2285 2186 apud

240 2206 570 2289 Creophyli
600 2212 881 2287 posteros
911 2208 973 2269 in
996 2208 1170 2269 Ionia
1197 2214 1545 2270 asseruatos
1573 2227 1647 2270 ac
1670 2210 1918 2270 multum
1941 2211 2136 2272 bonae
2164 2210 2286 2271 fru-

242 2309 339 2387 gis
368 2310 430 2370 in
459 2309 537 2371 iis
564 2311 938 2388 repperisset
978 2327 1085 2372 eos
1126 2310 1337 2372 sedulo
1370 2310 1767 2390 descripsisse
1797 2302 2105 2396 (ἔγραψεν)
2136 2317 2198 2373 et
2224 2313 2286 2372 in

240 2409 558 2474 Graeciam
585 2412 988 2473 transtulisse.
1061 2411 1188 2473 Nec
1215 2431 1334 2473 non
1366 2412 1654 2474 Aelianus
1669 2408 1718 2493 ⁸)
1750 2414 2014 2473 carmina
2042 2413 2287 2475 Ho'meri

240 2499 781 2598 antoassmpnykvoe
807 2515 848 2575 i.
879 2531 932 2574 e.
963 2514 1026 2574 in
1057 2514 1298 2591 singula
1327 2513 1626 2576 dissoluta
1665 2520 1867 2592 partes
1909 2516 2129 2590 fuisse,
2171 2515 2285 2594 Ly-

241 2633 491 2693 curgum
530 2633 676 2676 uero
728 2611 957 2698 ἀθρόαν
1008 2621 1249 2700 πρῶτον
1289 2617 1369 2686 εἰς
1406 2613 1520 2682 τὴν
1560 2603 1835 2676 Ἐλλάδα
1885 2614 2128 2702 κομίσαι
2177 2613 2290 2684 τὴν

242 2710 522 2803 Ὀμήρου
550 2714 803 2785 ποίησιν.
873 2718 950 2779 Et
979 2735 1053 2780 ea
1081 2718 1320 2797 quidem
1349 2737 1415 2780 re
1444 2724 1669 2780 motum
1701 2737 1838 2781 esse
1866 2719 2065 2793 illum,
2110 2719 2288 2797 qnod,

243 2838 398 2898 quae
429 2826 672 2882 caneret
699 2820 1026 2892 Homerus,
1054 2820 1545 2882 Lacedaemoniis
1569 2839 1894 2901 eorumque
1923 2821 2290 2900 reipublicae

242 2923 472 2984 formae
532 2922 780 2984 duceret
836 2924 1152 3000 aptissima
1170 2966 1186 2996 ‚
1257 2923 1585 3002 scriptores
1657 2929 1892 2985 ueteres
1949 2924 2289 3003 opinantur.

245 3022 375 3086 Nos
400 3024 642 3101 quidem
674 3042 816 3086 uero
851 3043 985 3085 cum
1012 3025 1163 3085 haec
1192 3029 1315 3084 tum
1346 3024 1536 3085 multa
1564 3026 1701 3097 alia,
1732 3042 1885 3102 quae
1917 3025 1992 3111 de
2021 3023 2290 3102 Lycurgo

248 3132 312 3187 et
338 3122 594 3187 Homeri
637 3127 1001 3188 carminibus
1043 3116 1476 3200 memorantur,
1519 3110 1712 3186 ⁹ueluti
1763 3126 1911 3197 illud
1954 3125 2292 3204 Lycurgum

249 3245 384 3290 cum
410 3227 672 3289 Homero
705 3244 1094 3305 congressum
1105 3220 1155 3306 4)
1187 3242 1364 3303 esse,
1384 3231 1451 3287 ut
1470 3226 1722 3287 Iliadem
1752 3227 1867 3288 sibi
1891 3233 2294 3305 componeret,

248 3329 392 3401 ficta
440 3347 514 3390 ac
565 3329 980 3391 commenticia
1037 3346 1394 3409 persuasum
1444 3329 1755 3390 habemus.
1842 3328 1996 3391 Nam
2055 3330 2293 3391 etiamsi

251 3430 625 3509 Creophylus
657 3431 754 3493 uel
780 3448 937 3495 unus
969 3449 1002 3492 e
1033 3431 1229 3508 stirpe
1248 3431 1380 3492 eius
1399 3431 1946 3495 carmina-scribere
1976 3426 2294 3509 potuisset,

252 3533 397 3611 quid
414 3533 731 3595 ‘facturum
770 3533 960 3594 fuisse
1002 3538 1183 3611 putas
1210 3532 1548 3611 Lycurgum
1575 3532 2036 3595 Lacedaemone
2070 3533 2295 3613 scripto

251 3634 537 3710 Homero,
567 3635 671 3697 ubi
693 3635 817 3697 fere
841 3634 1041 3712 legere
1066 3639 1128 3695 et
1151 3634 1412 3696 scribere
1436 3640 1648 3714 posset
1668 3636 1884 3696 nemo?
1916 3634 2011 3696 An
2034 3636 2169 3713 quis
2192 3654 2295 3697 ne-

362 3904 404 3967 ι)
440 3910 556 3963 orat.
581 3907 627 3954 11
647 3921 752 3970 pag.
779 3908 860 3956 87.
887 3905 979 3966 (ed.
1003 3903 1182 3965 Reisk.)
1218 3899 1261 3964 ²)
1283 3906 1481 3968 Lycurg.
1506 3919 1606 3967 cap.
1626 3905 1707 3952 IV.
1751 3898 1793 3964 ⁸)
1816 3919 1915 3952 nar.
1938 3903 2050 3952 hist.
2068 3905 2190 3953 1111.
2215 3905 2296 3954 14.

257 3987 302 4053 ⁴)
338 3992 506 4042 Strabo
528 3993 775 4056 geograph.
799 3992 855 4040 Χ.
874 3992 993 4040 482.
1042 3990 1102 4040 cf.
1133 3991 1277 4039 Cicer.
1304 3989 1497 4038 Tuscul.
1518 3989 1577 4038 V.
1603 3993 1649 4038 3.
