2692 4334
1246 255 1329 319 25

260 467 337 529 ab
388 465 671 553 omnibus
710 464 1086 540 laudaretur,
1130 464 1411 529 Solonem
1451 485 1517 528 re
1562 483 1707 527 uera
1744 464 1932 527 multo
1974 464 2188 526 melius
2233 463 2310 527 de

264 568 631 630 carminibus
660 568 939 630 meritum
970 587 1127 643 esse,
1158 570 1442 648 quoniam
1472 567 1534 629 id
1556 568 1936 648 potissimum
1967 567 2215 646 egisset,
2246 573 2312 629 ut

261 672 567 734 licentiam
593 671 1037 750 rhapsodorum
1080 677 1385 734 coerceret
1403 718 1421 748 ,
1452 691 1570 751 quo
1612 671 1835 733 factum
1873 689 2044 745 esse,
2076 675 2142 731 ut
2170 688 2309 732 con·

262 778 461 837 textus
503 771 584 833 ad
628 773 805 834 fidem
848 774 1255 851 exemplorum
1295 776 1655 853 scriptorum
1686 773 2045 849 traderetur,
2075 772 2183 834 sed
2213 772 2309 834 Pi-

246 876 572 939 sistratum
604 894 675 935 ex
705 874 956 937 libidine
979 882 1259 954 agentem
1283 877 1527 954 egregio
1551 876 1763 939 merito
1787 876 2082 938 offecisse.
2130 875 2305 937 Simi-

261 979 401 1040 liter
445 977 626 1039 etiam
667 973 1071 1059 Lehrsius¹⁹):
1115 978 1235 1056 „Es
1266 978 1531 1053 kommt‚
1562 980 1773 1058 inquit,
1814 978 1913 1040 ein
1954 997 2105 1056 ganz
2136 982 2309 1055 guter

262 1079 1107 1160 Godankenzusammenhang
1133 1083 1385 1157 bemus,
1419 1100 1589 1145 wenn
1622 1101 1763 1143 man
1792 1081 2089 1144 versteht:
2122 1081 2309 1142 durch

263 1184 433 1246 diese
470 1184 628 1245 nach
674 1185 878 1245 Attica
916 1185 1290 1262 eingeffihrte
1331 1185 1513 1261 sitta,
1555 1186 1674 1246 den
1713 1184 1940 1247 Homer
1984 1183 2310 1245 hinterein-
2362 1264 2370 1271 ·

266 1286 455 1346 ander
482 1291 900 1363 vorzutragen,
929 1288 1039 1348 hat
1066 1288 1250 1349 Solon
1281 1288 1380 1349 die
1409 1287 1885 1348 Bekanntscbaft
1911 1286 2035 1346 und
2066 1284 2164 1346 die
2198 1284 2309 1346 Be-

270 1387 593 1449 riibmtheit
631 1387 953 1450 desselben
990 1390 1052 1450 in
1083 1390 1287 1451 Attica
1325 1390 1497 1451 mehr
1524 1388 1875 1463 verbi-citet,
1904 1387 1998 1450 als
2029 1386 2310 1448 Pisistra-

276 1494 368 1551 tus
398 1490 684 1563 dadurch,
716 1491 861 1553 dass
892 1509 959 1553 er
985 1492 1091 1552 ibn
1121 1493 1235 1554 den
1269 1492 1711 1555 Atheniensem
1740 1491 1928 1553 durch
1958 1491 2312 1569 eingescbo-

276 1592 423 1655 bene
487 1592 675 1656 Verso
730 1613 809 1655 zu
864 1593 1055 1656 ihrem
1118 1594 1352 1656 Ruhme
1411 1594 1743 1657 anziehend
1804 1590 2101 1655 macbte.“
2202 1591 2311 1655 Oui

266 1694 751 1773 interpretationi
795 1696 1243 1775 astipulandum
1281 1697 1428 1757 mihi
1467 1698 1705 1758 uidetur
1730 1696 2000 1773 relegata
2027 1714 2126 1770 ea,
2156 1712 2311 1775 quae

264 1797 484 1874 legitur
511 1798 678 1877 apud
715 1797 1053 1860 Fabricium
1064 1792 1160 1878 ²⁰),
1186 1800 1434 1862 uerbum
1458 1787 1734 1884 φωτίζειν
1751 1798 2167 1877 accipiendum
2189 1816 2310 1861 non

264 1904 385 1963 tam
440 1899 517 1961 de
558 1898 783 1977 gloria,
825 1918 1004 1979 quam
1047 1919 1119 1963 ex
1158 1901 1403 1964 Solonis
1443 1902 1691 1964 insituto
1736 1906 2094 1963 consecutus
2132 1901 2313 1963 fuerit

262 2001 581 2075 Homerus,
613 2021 793 2083 quam
822 2003 899 2065 de
928 2003 1182 2064 faciliori
1213 2004 1342 2065 eius
1375 2005 1641 2066 carmina
1669 2002 2050 2082 intelligendi
2075 2002 2311 2064 ratione

266 2111 622 2184 propterea,
654 2105 812 2184 quod
848 2105 957 2168 ille
999 2105 1137 2185 plus
1169 2107 1410 2168 omnino
1440 2107 1686 2168 carmini
1716 2107 1828 2168 rite
1857 2105 2310 2185 interpretando

266 2208 554 2281 conferat,
588 2209 691 2287 qui
721 2209 866 2269 illud
901 2209 1241 2287 dispersum
1269 2210 1330 2270 in
1364 2209 1632 2271 ordinem
1654 2208 1974 2287 redegerit,
2007 2226 2184 2287 quam
2208 2209 2312 2288 qui

266 2310 329 2370 in
385 2310 652 2373 ordinem
713 2312 1020 2372 redactum
1059 2311 1118 2371 in
1169 2311 1358 2373 libros
1406 2312 1761 2373 distinxerit.
1828 2310 1960 2373 Hac
1999 2310 2313 2372 commoda

267 2411 767 2491 interpretatione
810 2414 1108 2487 admissa,
1152 2413 1467 2475 Harlesius
1505 2414 1705 2489 addit,
1745 2413 1955 2475 dubito
1995 2431 2135 2473 num
2177 2431 2308 2474 cum

264 2509 605 2594 Ignati021)
621 2515 839 2577 Rossio
874 2517 1061 2577 uerba
1089 2514 1324 2600 μᾶλλον
1355 2522 1416 2578 et
1446 2522 1647 2579 cetera
1675 2516 1946 2579 eicienda
1974 2520 2034 2577 et
2060 2514 2309 2596 pro-ad·

269 2617 578 2681 notatione
616 2618 808 2696 inepti
852 2618 1162 2680 cuiusdam
1207 2619 1487 2681 habenda
1524 2620 1662 2683 sint.
1723 2619 1929 2699 Neque
1959 2628 2071 2680 nos
2098 2618 2162 2679 id
2184 2620 2309 2681 cr'e-

266 2719 487 2792 dimus,
521 2718 628 2780 sed
661 2721 916 2798 primam
941 2722 1454 2800 interpretationis
1478 2728 1707 2802 partem
1733 2723 2127 2784 rectissimam
2152 2737 2311 2798 esse,

272 2822 421 2883 illud
454 2827 665 2883 contra
693 2822 965 2901 ineptum
992 2824 1353 2886 arbitramur
1381 2824 1661 2887 Solonem
1691 2825 1956 2886 carmina
1976 2824 2313 2901 ordinasse,

265 2924 655 2987 Pisistratum
684 2927 962 2988 ordinata
988 2927 1053 2988 in
1075 2926 1262 2988 libros
1290 2934 1521 2988 tantum
1554 2928 1917 2990 distinxisse.

395 3026 666 3106 Denique
710 3029 950 3091 silentio
997 3036 1376 3091 transeamus
1420 3024 1796 3105 Nitzschii²²)
1835 3029 2178 3108 opinionem
2210 3029 2313 3090 Di-

263 3127 581 3193 euchidam
626 3129 1037 3208 Megarensem
1081 3129 1320 3192 Solonis
1371 3132 1566 3209 gratia
1602 3130 1905 3191 Pisistrati
1955 3131 2165 3192 merito
2204 3132 2312 3194 ob-

258 3237 565 3293 ‹trectasse
603 3250 644 3292 a
687 3230 1015 3296 Ritschelio
1030 3228 1110 3309 ²³>
1156 3234 1381 3314 optime
1420 3234 1757 3295 refutatam.
1813 3232 2026 3311 Itaque
2054 3239 2159 3295 aut
2184 3239 2309 3297 toto

266 3334 434 3395 coelo
463 3353 502 3395 a
532 3352 677 3395 uero
717 3335 1067 3398 aberramus
1106 3342 1212 3397 aut
1250 3355 1373 3398 non
1419 3337 1623 3399 obstat
1648 3335 1939 3414 Diogenis
1967 3336 2137 3398 locus
2165 3355 2307 3399 sen-

264 3435 491 3499 tentiae
521 3454 706 3513 supra
733 3438 1061 3517 expositae.

400 3538 658 3600 Restant
685 3539 956 3602 Platonis
986 3541 1190 3616 uerba,
1218 3560 1376 3621 quae
1404 3542 1551 3604 facit
1575 3542 1636 3603 in
1666 3541 2018 3622 Hipparcho
2029 3536 2133 3624 ²⁴):

392 3634 476 3699 τοὶ
505 3632 777 3725 Ὀμήρου
809 3642 922 3708 ἔπη
951 3646 1185 3726 πρῶτος
1213 3640 1490 3729 ἐκόμισεν
1531 3644 1609 3715 εἰς
1636 3639 1747 3712 τήν
1776 3650 1891 3731 γῆν
1918 3642 2171 3718 ταμτηνί
2208 3644 2311 3707 καὶ

375 3787 439 3853 ¹⁹)
473 3794 637 3843 Rhein.
661 3796 784 3845 Mus.
827 3795 954 3844 xvu
984 3810 1088 3857 pag.
1121 3797 1239 3845 492.
1312 3791 1380 3857 ²⁰)
1414 3798 1632 3848 biblioth.
1673 3799 1833 3849 Graec.
1866 3800 1888 3847 1
1918 3813 2022 3862 pag.
2061 3801 2177 3849 858.
2211 3803 2309 3849 not.

272 3873 337 3937 ιζ)
371 3880 422 3927 in
445 3882 741 3929 commentar.
763 3881 994 3929 Laertian.
1039 3880 1172 3929 Rom·
1207 3885 1339 3932 1798
1374 3885 1514 3933 edito.
1588 3876 1655 3944 ²²)
1690 3864 1740 3933 {n
1772 3886 1889 3933 libro
1919 3885 2194 3945 „hum-nd.
2226 3899 2310 3947 per

265 3964 450 4015 Homer.
488 3964 631 4029 Odys.
671 3965 888 4029 interpol.
921 3979 1082 4027 praep.
1117 3967 1154 4015 1.
1187 3981 1292 4032 pag.
1330 3969 1414 4018 29.
1491 3962 1559 4028 ²⁸)
1594 3970 1630 4017 1.
1662 3969 1697 4017 1.
1720 3978 1825 4033 pag·
1860 3971 1942 4019 66.
1999 3962 2067 4028 ⁸⁴)
2104 3970 2223 4017 228.
2250 3970 2307 4021 Β.
