2692 4334
1278 150 1432 269 ee·

290 413 456 492 quod
488 413 878 475 Aristarchus
910 412 1234 474 Homerum
1280 411 1469 474 fuisse
1502 412 1930 476 Atheniensem
1965 411 2345 491 opinabatur,

293 515 453 595 quod
501 517 700 577 Attice
730 517 1110 594 potissimum
1143 520 1401 577 strueret
1429 517 1632 577 uerba.
1653 510 1699 593 6)
1770 515 1961 592 Quam
2004 515 2347 593 opinionem

288 619 435 679 licet
464 618 854 680 Aristarchus
887 619 1004 681 sibi
1033 619 1297 693 finxerit,
1330 618 1389 679 id
1437 619 1598 698 quod
1630 618 2113 696 Sengebuschius
2126 613 2173 691 ⁷)
2210 635 2345 677 cen-

292 726 406 793 set,
440 722 504 780 id
538 721 740 800 ipsum
771 723 1174 783 testimonium
1209 722 1383 783 nobis
1413 721 1652 782 uidetur
1675 722 2115 799 grauissimum,
2148 722 2349 781 omnia

303 824 605 902 exempla,
632 822 849 903 quibus
862 824 1250 885 Alexandrini
1273 825 1604 903 usi-essent,
1629 843 1698 885 ex
1711 824 2062 886 Pisistrateo
2073 824 2348 897 fluxisse3

292 926 623 987 editionem
654 926 835 1002 igitur
863 927 1032 987 illam
1062 928 1322 989 Atticam
1365 927 1813 988 fundamentum
1847 927 2111 988 omnium
2142 932 2345 1006 poste-

291 1046 498 1090 rarum
527 1029 736 1090 fuisse.

423 1132 563 1191 Jam
603 1150 748 1193 uero
791 1125 1323 1215 demonstrandum
1368 1134 1480 1193 erit
1525 1152 1655 1195 eum
1699 1134 1921 1204 locum,
1967 1150 2139 1210 quem
2185 1133 2347 1210 apud

295 1234 632 1310 Diogenem
660 1233 964 1295 Laertium
993 1236 1270 1311 legimus„
1301 1235 1358 1294 in
1370 1234 1523 1294 dicio
1555 1240 1759 1295 nostro
1794 1235 1868 1294 de
1901 1234 2158 1294 Homero
2189 1233 2344 1294 Pisi-

304 1340 529 1396 strateo
571 1354 692 1397 non
738 1353 1090 1415 repugnare.
1152 1335 1340 1411 Quem
1372 1337 1529 1414 quod
1565 1337 1958 1413 grauissimus
1991 1343 2085 1396 est
2114 1338 2345 1398 multis·

305 1454 419 1515 que
471 1439 732 1499 nitorum
775 1433 1315 1518 doctissimorum⁸)
1377 1443 1438 1499 et
1498 1439 1996 1517 explicationibus
2049 1445 2108 1498 et
2155 1444 2345 1499 muta-

301 1540 566 1602 tionibus
597 1546 894 1615 tentatns,
922 1543 1140 1603 iterum
1170 1559 1476 1619 apponere
1509 1542 1733 1620 placet:
2321 1540 2324 1543 ’

403 1639 487 1700 τά
506 1660 578 1701 τε
593 1635 868 1726 Ὀμήρου
893 1632 959 1713 ἐξ
980 1639 1281 1721 ὑποβολῆς
1302 1636 1570 1727 γέγραφε
1595 1627 2023 1727 ῥαψῳδεῖσθαι,
2050 1634 2175 1702 οἷον
2196 1640 2346 1702 ὅπου

300 1745 336 1804 ὀ
365 1750 606 1829 πρῶτος
636 1732 868 1822 ἔληξεν,
900 1740 1131 1804 ἐκεῖθεν
1165 1738 1453 1829 ἄρχεσθαι
1481 1741 1586 1804 τὸν
1618 1741 1917 1829 ἐχόμενον.
1980 1744 2215 1829 μᾶλλον
2245 1734 2347 1805 οὖν

299 1841 514 1906 Σόλων
541 1837 829 1931 εΌμηρον
857 1842 1146 1928 ἐφώτισεν
1175 1839 1213 1914 ἢ
1245 1841 1706 1931 Πεισίστρατος,
1737 1844 1814 1918 ὥς
1861 1866 2003 1930 φησι
2033 1833 2348 1931 Διευχίδας

304 1949 366 2008 ἐν
396 1944 660 2033 πέμπτῳ
689 1943 1076 2035 Μεγαρικῶν.
1137 1938 1210 2015 ἦν
1250 1935 1318 2008 δέ
1358 1944 1623 2032 μάλιστα
1658 1946 1740 2008 τοὶ
1768 1951 1883 2018 ἔπη
1911 1946 2117 2009 ταυτί·
2162 1951 2255 2025 »οἱ
2287 1935 2349 2011 δ’

303 2043 396 2130 αῤ’
425 2044 689 2122 Ἀθήνας
719 2044 878 2135 εἶχον
905 2048 1012 2110 καὶ
1039 2046 1122 2110 τοὶ
1150 2038 1301 2122 ἑξῆςζ

429 2154 645 2216 Totum
669 2155 938 2233 proiecto
962 2154 1212 2215 uertitur
1233 2154 1291 2213 in
1322 2159 1486 2215 recto
1511 2154 1898 2233 percipiendo
1925 2160 1984 2216 et
2007 2140 2346 2217 definiendo

301 2257 490 2317 uerba
519 2243 584 2327 ἐξ
613 2254 931 2335 ὑποβολῆς.
995 2257 1147 2316 Nam
1180 2256 1231 2316 si
1261 2256 1321 2315 id
1356 2257 1707 2332 significari,
1742 2257 1901 2334 quod
1931 2257 2092 2334 apud
2124 2250 2343 2333 Diosge-

301 2375 441 2419 nem
492 2358 711 2434 legitur
759 2349 922 2435 »οἷον
963 2354 1113 2417 ὅπου
1156 2358 1189 2416 ὀ
1229 2363 1464 2440 πρῶτος
1497 2344 1738 2431 ἔληξεν,
1782 2353 2014 2417 ἐκεῖθεν
2058 2353 2346 2443 ἄρχεσθαι

300 2454 411 2518 τὸν
446 2456 772 2542 ἐχόμενον“
807 2461 1078 2538 putabis,
1110 2465 1248 2521 ante
1277 2460 1658 2521 Pisistratum
1690 2461 1929 2524 Solonis
1971 2479 2156 2540 opera
2189 2463 2347 2523 arbi-

302 2561 582 2622 trandum
615 2548 726 2623 tibi
757 2562 871 2623 erit
899 2564 1173 2624 ordinata
1195 2563 1434 2643 quidem
1459 2564 1645 2624 fuisse
1673 2566 1953 2638 carmina,
1985 2583 2179 2643 neque
2202 2584 2345 2627 uero

301 2664 365 2724 in
394 2664 578 2725 talem
609 2665 1112 2726 continuationem
1146 2666 1481 2743 seriemque
1513 2684 1735 2736 rerum,
1769 2674 1835 2726 ut
1866 2668 2065 2726 omnia
2094 2667 2248 2727 inter
2278 2686 2344 2728 se

301 2773 450 2846 apta
478 2767 881 2847 colligataque
913 2773 1135 2840 essent,
1168 2769 1277 2829 sed
1307 2788 1345 2829 a
1374 2768 1591 2829 Solone
1617 2768 1938 2853 distributa
1962 2769 2161 2846 potius
2187 2787 2343 2843 esse,

305 2876 372 2930 ut
403 2871 660 2948 primum
689 2870 858 2942 haec,
889 2876 1013 2931 tum
1045 2871 1175 2946 illa,
1209 2871 1424 2931 deinde
1454 2870 1573 2930 alia
1600 2869 1957 2949 rhapsodia,
1992 2870 2167 2930 sicuti
2200 2889 2341 2948 pos-

303 2978 467 3034 ceret
503 2990 703 3033 rernm
744 2973 971 3033 ordinis
1013 2991 1083 3032 ac
1125 2977 1464 3050 temporum
1514 2972 1698 3045 ratio,
1765 2971 2212 3046 decantaretur,
2264 2972 2349 3032 ita

306 3080 375 3134 ut
404 3079 569 3134 certa
599 3074 895 3153 quaedam
926 3080 986 3134 et
1015 3072 1326 3134 commoda
1351 3069 1508 3156 βαφή
1533 3066 1946 3149 efficeretur9)‚
1978 3071 2348 3134 aPisistrato

405 3307 449 3372 6)
473 3311 536 3362 cf.
574 3311 712 3364 Jahn.
748 3310 922 3359 annall.
949 3312 1030 3358 67.
1068 3313 1116 3357 8.
1150 3325 1197 3372 p.
1234 3311 1330 3358 252
1344 3324 1448 3371 sqq.
1496 3304 1540 3369 ⁷)
1577 3311 1760 3358 dissert.
1795 3310 1930 3357 Hom.
1967 3310 2025 3358 11.
2059 3325 2163 3372 pag.
2198 3313 2247 3360 4.
2286 3337 2349 3347 —

304 3393 348 3456 ⁸)
376 3397 438 3446 cf.
463 3399 776 3449 Duentzerum
804 3399 855 3443 in
877 3396 982 3443 libr.
1007 3397 1065 3443 de
1089 3397 1285 3444 Homero
1310 3397 1457 3456 deque
1481 3397 1611 3456 epico
1636 3395 1766 3456 cyclo
1790 3409 1894 3455 pag.
1923 3397 2004 3442 12.
2053 3390 2094 3453 ⁹)
2132 3397 2352 3447 Similiter

303 3484 501 3532 Wolfius
531 3485 583 3530 in
611 3483 788 3544 proleg.
812 3495 917 3542 pag.
944 3481 1128 3529 oxu:
1172 3482 1384 3539 ‚uidetur
1414 3482 1524 3528 mihi
1558 3482 1703 3528 Solon
1734 3480 1822 3527 hoc
1854 3483 2134 3539 instituisse,
2173 3487 2226 3530 ut
2248 3499 2352 3532 cum

302 3571 430 3631 prins
461 3568 717 3629 singulares
755 3566 1030 3627 rhapsodiae
1050 3568 1161 3614 sine
1196 3567 1291 3613 ullo
1326 3567 1485 3613 ordine
1518 3581 1668 3614 rerum
1703 3570 1751 3614 et
1772 3569 2027 3629 temporum
2064 3573 2350 3627 canerentur,

301 3653 353 3702 id
375 3656 449 3702 est
470 3657 525 3701 ut
555 3654 606 3701 in
638 3666 730 3701 uno
754 3654 987 3700 conuentu
1017 3653 1213 3713 primum
1235 3651 1424 3714 Ulyssis'
1453 3644 1644 3715 Νίπτρα
1676 3654 1756 3699 ant
1780 3646 2209 3718 Μνηστηροφονία,
2245 3671 2351 3705 mox

304 3732 487 3785 Νεκύια
510 3740 609 3787 siue
632 3730 997 3801 Νεκυομαντεία
1021 3760 1084 3772 -
1110 3738 1447 3796 decantaretur,
1473 3739 1539 3785 ita
1561 3740 1718 3799 partes
1740 3722 2121 3788 distribuerentur
2141 3742 2350 3802 pluribus

203 3876 209 3884 ,
303 3823 567 3887 rhapsodis,
590 3826 644 3871 ut
666 3823 761 3872 alio
788 3823 926 3872 alium
960 3824 1216 3885 excipiente
1251 3823 1468 3891 deinceps
1500 3826 1722 3883 perpetua
1753 3827 1800 3870 et
1819 3825 2056 3881 commoda
2089 3817 2223 3895 ρᾳφή
2253 3826 2350 3872 effi-

305 3912 502 3957 ceretur.
513 3907 532 3929 ‘¹
