2692 4334
1184 299 1341 364 „38

287 510 427 571 555.
494 502 745 593 Νέστωρ
777 497 899 580 οἶος
930 495 1141 593 ἔριζεν·
1172 508 1205 569 ὁ
1235 505 1352 596 γὰρ
1381 504 1846 598 προγενέστερος
1873 501 1995 579 ἦεν.

499 616 589 690 τῷ
623 597 674 671 δ’
698 610 828 697 ἅμα
858 606 1237 679 πεντήκοντα
1269 608 1547 697 μέλαιναι
1576 620 1712 686 νῆες
1742 608 1979 677 ἕποντο.

284 721 465 795 atque
497 732 537 781 η
570 717 650 776 80
675 720 737 776 et
768 718 876 777 81:

488 813 658 876 ἵκετο
691 801 742 877 δ’
767 814 824 888 ἐς
855 810 1214 901 Μαραθῶνα
1248 814 1352 877 καὶ
1385 813 1743 905 εὐρυάγυιαν
1765 812 2052 896 Ἀθήνην,

491 903 628 979 δῦνε
661 904 712 978 δ’
733 910 1056 1003 Ἐρεχθῆος
1086 915 1328 979 πυκινὸν
1361 904 1565 1005 δόμον.

412 1016 901 1100 Kirchhoffiusffl)
932 1027 1132 1084 autem
1162 1041 1377 1085 uersus
1407 1022 1547 1086 inde
1574 1024 1652 1085 ab
1684 1027 1757 1086 18
1790 1042 1979 1103 usque
2009 1025 2083 1087 ad
2116 1028 2196 1087 86
2226 1026 2338 1086 ad-

287 1125 523 1186 ditieios
564 1142 702 1187 esse
746 1128 980 1200 censet,
1013 1124 1211 1187 sedin
1243 1126 1731 1189 commentariolo
1761 1127 2018 1189 fortasse
2054 1147 2173 1190 non
2211 1135 2341 1191 tam

285 1228 405 1290 late
448 1234 656 1307 patere
695 1227 1192 1308 interpolationes
1231 1233 1400 1289 ratus
1440 1227 1605 1289 illam
1646 1234 1879 1290 tantum
1920 1232 2341 1309 genealogiam

176 1370 185 1377 η
285 1330 486 1392 fictam
507 1337 567 1391 et
597 1348 837 1393 uersum
868 1333 943 1392 63
976 1331 1055 1391 ab
1074 1331 1545 1393 Atheniensibus
1577 1332 2000 1411 interpositum
2022 1350 2160 1395 esse
2182 1333 2336 1395 iudi-

287 1438 399 1494 cat.
458 1433 537 1494 Hi
569 1451 780 1494 uersus
816 1433 938 1494 fere
968 1449 1175 1494 omnes
1204 1451 1242 1492 a
1271 1433 1495 1496 criticis
1518 1433 1940 1499 Alexandrinis
1970 1436 2167 1513 uit-gia
2197 1453 2338 1498 een-

288 1536 452 1596 soria
483 1541 782 1598 notantur.

418 1638 738 1700 Praeterea
766 1638 942 1700 obelo
972 1643 1214 1700 notatus
1245 1643 1341 1700 est
1370 1656 1583 1700 uersus
1611 1632 1670 1698 N
1703 1640 1855 1701 685:

595 1732 798 1800 ’Ένθα
828 1725 895 1801 δὲ
924 1734 1185 1801 Βοιωτοὶ
1215 1736 1318 1799 καὶ
1340 1734 1554 1811 Ἰάονες
1584 1737 1971 1827 ἑλκεχίτωνες

287 1864 404 1924 quo
443 1861 622 1905 uersu
653 1844 1054 1906 Athenienses
1088 1843 1299 1904 Ionum
1330 1843 1570 1905 nomine
1604 1851 2155 1909 commemorantur.
2220 1845 2341 1923 Qui

289 1948 339 2008 si
368 1948 548 2008 Iones
581 1952 748 2018 sunt,
797 1946 1048 2008 forsitan
1087 1946 1210 2007 illis
1242 1946 1421 2007 liceat
1449 1946 1771 2008 Homerum
1814 1947 1931 2010 sibi
1973 1949 2160 2011 ciuem
2204 1950 2343 2011 uin-

288 2043 593 2126 dicare⁹²)‚
635 2066 788 2127 quae
832 2048 1313 2128 interpolationis
1344 2066 1529 2110 eausa
1557 2049 1744 2112 fuisse
1776 2055 1998 2129 potest.

415 2152 563 2212 Tum
597 2170 807 2214 uersus
841 2146 894 2210 Δ
925 2155 1045 2213 328
1081 2156 1175 2213 est
1203 2164 1557 2232 suspectus:

699 2251 853 2340 ἀμφὶ
887 2239 938 2312 δ’
962 2248 1270 2321 Ἀθηναῖοι
1301 2254 1612 2340 μήστωρες
1643 2254 1829 2333 αὐτῆς

289 2358 446 2437 quod
478 2358 880 2419 Athenienses
910 2351 1218 2442 μήστωρες
1248 2356 1436 2429 αὐτῆς
1466 2358 1866 2438 appellantur.

415 2460 644 2521 Deinde
675 2461 735 2521 in
766 2478 944 2522 uersu
976 2478 1035 2545 γ.
1072 2463 1191 2520 307
1228 2461 1520 2540 seriptum
1550 2466 1682 2529 est:

1007 2556 1108 2623 ἀπ’
1138 2554 1457 2630 Ἀθηνάων

285 2666 350 2727 in
392 2665 621 2727 scholio
663 2671 861 2728 autem
891 2664 1213 2725 Harleiano
1256 2659 1377 2723 ἀπὸ
1408 2657 1721 2741 Φωκήων,
1776 2684 1928 2747 qnae
1969 2665 2145 2727 lectio
2192 2681 2344 2727 uera

285 2769 650 2845 habebatur,
684 2766 842 2847 quod
874 2767 1121 2829 Orestes
1153 2786 1270 2829 non
1302 2769 1380 2829 ab
1411 2767 1666 2831 Athenis
1698 2768 1983 2830 uenisset.

415 2870 687 2949 Denique
720 2887 965 2948 operam
999 2869 1200 2930 datam
1232 2888 1399 2943 esse,
1432 2875 1497 2931 ut
1527 2870 1797 2933 Theseus
1825 2871 1889 2932 in
1919 2856 2186 2932 earmina
2213 2870 2339 2931 Ho-

287 2975 511 3036 merica
548 2974 891 3049 inferretur,
934 2991 1003 3034 ex
1036 2991 1106 3034 eo
1142 2990 1319 3034 uersu
1349 2973 1469 3033 iam
1498 2973 1897 3051 intellegitur,
1943 2991 2119 3052 quem
2152 2991 2343 3052 supra

289 3073 453 3158 (pag.
487 3072 591 3156 35)
641 3076 1123 3137 memorauimus.
1186 3074 1304 3137 Sed
1360 3093 1492 3136 cum
1536 3074 1797 3136 Homero
1850 3075 2056 3138 fabula
2102 3075 2344 3137 Thesea

288 3181 494 3258 ignota
524 3173 710 3259 sit93),
741 3178 806 3238 hi
837 3179 1013 3239 etiam
1045 3177 1430 3240 abiudicandi
1460 3183 1650 3252 erunt,
1680 3176 1721 3236 λ
1745 3180 1962 3240 321-
1980 3180 2132 3239 325:

493 3266 769 3365 Φαίδρην
799 3297 869 3339 τε
900 3274 1159 3364 Πρόκριν
1186 3298 1257 3340 τε
1285 3265 1417 3341 ἴδον
1448 3275 1641 3348 καλήν
1671 3274 1724 3339 τ’
1743 3266 2055 3363 Ἀριάδνην

492 3378 711 3463 κούρην
740 3376 981 3454 Μίνωος
1012 3377 1399 3467 ὀλοόφρονος,
1430 3376 1502 3450 ἥν
1531 3400 1682 3443 ποτε
1712 3375 1953 3453 Θησεὺς

496 3484 565 3545 ἐκ
593 3479 838 3570 Κρήτης
868 3480 926 3557 ἐς
954 3481 1169 3570 γουνὸν
1194 3478 1506 3551 Ἀθηνάων
1537 3480 1749 3568 ἱεράων

492 3578 605 3673 ἦγε
637 3582 764 3672 μὲν,
797 3572 925 3647 οὐδ’
955 3582 1251 3654 ἀπόνητο·
1281 3581 1470 3671 πάρος
1501 3571 1570 3647 δέ
1600 3605 1699 3671 μιν
1732 3578 2015 3670 Ἄρτεμις
2045 3587 2197 3646 ἔκτα

495 3685 610 3769 Δίῃ
642 3686 705 3749 ἐν
735 3687 1036 3774 ἀμφιρύτῃ
1069 3684 1358 3750 Διονύσου
1390 3686 1792 3773 μαρτυρίῃσιν.

394 3924 461 3989 ⁹¹)
485 3931 517 3977 1.
544 3931 575 3979 l.
602 3945 706 3991 pag.
730 3930 875 3977 xvn.
930 3924 998 3987 ⁹²)
1024 3930 1084 3978 of.
1110 3931 1389 3991 epigramm„
1415 3928 1541 3988 quod
1564 3942 1703 3988 snpra
1726 3929 1889 3990 scripsi
1912 3929 1960 3975 in
1987 3929 2127 3989 capit.
2153 3928 2190 3975 1.
2216 3943 2265 3990 p.
2294 3930 2342 3976 7.

293 4019 339 4064 et
360 4017 543 4065 Mfiller.
567 4016 742 4063 homer.
766 4014 962 4063 Vorseh.
984 4029 1090 4075 pag.
1115 4015 1195 4061 92.
1268 4007 1336 4071 ⁹⁸)
1374 4012 1557 4060 Mffller.
1581 4013 1614 4060 1.
1641 4013 1672 4060 1.
1698 4026 1805 4075 pag.
1831 4014 1937 4060 95.·
