2692 4334
1262 150 1418 244 -s4'

369 411 511 455 vero
542 391 856 471 pristinum
893 394 952 453 et
982 391 1304 470 genuinum
1334 385 1605 452 ordinem
1637 389 1976 455 restitutum
2002 405 2156 450 esse.
2204 388 2418 467 Itaque

366 495 712 557 Welckerus
727 490 797 573 ¹⁰)
820 513 1136 574 perperam
1160 494 1462 555 iudicasse
1490 492 1746 567 uidetur,
1772 492 1874 571 qui
1907 491 2417 553 narratiunculam

366 597 738 660 Dieuchidae
784 597 1099 676 scriptoris
1131 615 1334 657 ueram
1365 597 1644 669 haberet,
1674 595 1751 656 ab
1783 613 1854 657 eo
1885 595 2050 659 credi
2079 613 2200 656 non
2232 612 2417 673 posse

369 701 749 763 Pisistratum
781 700 1045 761 carmina
1075 698 1398 777 collegisse
1429 704 1490 761 et
1519 697 1851 761 ordinasse.
1908 698 1990 758 At
2020 683 2086 767 ἐξ
2114 693 2419 775 ὑποβολῆς

365 822 440 865 ne
464 808 625 867 recte
657 802 896 882 quidem
922 801 1256 883 explicatur
1277 820 1315 862 a
1337 801 1625 879 Diogene,
1652 800 1831 863 immo
1856 817 1988 863 eum
2011 792 2415 877 Niszschioss)

367 911 428 967 et
472 903 859 983 Bernhardyo
877 896 946 983 12)
1001 902 1408 965 definiendum
1452 908 1578 967 est:
1634 903 1826 979 „nach
1878 903 2218 981 gegebener
2268 902 2417 962 Vor-

368 1003 614 1069 schrift“
663 1011 766 1067 aut
813 1006 999 1082 „nach
1033 1006 1399 1084 Anweisung
1429 1005 1550 1065 und
1581 1003 1987 1069 Instruction“
2010 1001 2106 1081 ¹³).
2166 1004 2323 1066 Nam
2357 990 2420 1075 ἐξ

371 1106 667 1191 ὑποβολῆς
708 1102 1038 1192 ὀμνύναιμ)
1081 1113 1175 1171 est
1223 1108 1426 1171 uerbis
1469 1109 1778 1186 conceptis
1821 1108 1918 1171 uel
1963 1108 2026 1170 in
2072 1107 2420 1188 praeeuntis

368 1212 555 1277 uerba
581 1211 775 1275 iurare
807 1215 866 1275 et
899 1203 1227 1289 ὑποβολεύς
1257 1209 1390 1273 siue
1432 1210 1688 1273 monitor
1705 1205 1775 1289 1⁵)
1819 1210 1949 1271 siue
1979 1194 2419 1295 χοροδιδάσκα-

365 1310 574 1395 locst).
617 1314 777 1391 Ergo
811 1313 1193 1377 statuendum
1224 1313 1401 1379 nobis
1433 1317 1545 1387 est,
1576 1313 1942 1393 rhapsodias
1973 1313 2223 1393 carptim
2250 1312 2421 1390 prius

367 1418 584 1481 litteris
630 1415 946 1479 mandatas
991 1415 1214 1489 fuisse,
1262 1415 1341 1476 ad
1385 1435 1638 1494 quorum
1690 1416 2100 1494 exemplorum
2144 1434 2418 1479 normam

370 1524 608 1582 cantum
663 1516 953 1597 rhapsodi
1007 1517 1245 1597 exigere
1298 1518 1614 1594 deberent,
1664 1519 2049 1587 Pisistratum
2089 1536 2232 1581 nero
2278 1536 2417 1580 eum

368 1620 831 1705 rhapsodiarum
874 1620 1142 1683 ordinem
1174 1622 1549 1696 restituisse,
1583 1640 1758 1701 quem
1791 1622 2114 1700 genuinum
2145 1621 2418 1685 haberet.

372 1723 543 1803 Quod
575 1723 627 1785 si
658 1723 744 1785 ita
773 1727 885 1798 est,
916 1727 1075 1784 recte
1106 1723 1447 1785 discernere
1479 1743 1822 1803 possumus,
1855 1723 1998 1803 quid
2027 1723 2206 1785 fuerit
2242 1723 2419 1784 meri-

375 1832 499 1889 tum
548 1825 786 1889 Solonis
835 1826 908 1888 de
949 1825 1240 1901 Homem,
1273 1827 1414 1906 quid
1460 1826 1817 1906 Hipparchi,
1851 1826 1927 1888 de
1971 1846 2093 1906 qua
2132 1843 2218 1886 re«
2244 1825 2418 1889 infra.

371 1929 554 1995 Falsa
583 1933 783 1990 autem
812 1928 935 2003 illa,
969 1947 1123 2009 quae
1164 1929 1326 2008 apud
1356 1929 1687 2007 Diogenem
1727 1930 1970 1993 additur
1998 1928 2420 2008 interpretatio

376 2037 574 2093 utrum
605 2050 637 2092 e
669 2030 872 2106 Suida,
905 2032 1005 2093 ubi
1037 2032 1245 2092 eadem
1277 2033 1516 2111 legitur,
1546 2034 1717 2095 illata
1746 2050 1883 2094 esse
1914 2031 2208 2111 uideatur,
2241 2049 2417 2110 quam

375 2135 666 2201 Nitzschii
699 2135 1057 2197 sententiam
1089 2135 1294 2201 reiecit
1323 2135 1769 2214 Bernhardyus,
1802 2135 2185 2209 doctissimus
2203 2132 2421 2203 Suidae

381 2239 715 2317 interpres,
760 2254 894 2299 sese
940 2236 1168 2299 nullum
1222 2238 1569 2317 repperisse
1618 2238 1797 2305 huius
1838 2237 2001 2301 modi
2041 2235 2418 2314 contagionis

382 2338 738 2419 exemplum,
772 2357 926 2418 quae
953 2359 986 2398 a
1008 2338 1228 2405 Suidae
1262 2341 1517 2419 copiolis
1545 2340 1813 2423 profecta
1834 2340 1913 2405 ad
1934 2338 2264 2417 Diogenem
2290 2357 2418 2417 per-

375 2436 651 2527 manarit,
675 2445 948 2516 testatur,
981 2443 1276 2523 suipsius
1307 2443 1596 2520 Diogenis
1637 2442 1822 2514 errori
1854 2442 2063 2505 deberi
2092 2442 2416 2520 putandum

381 2544 490 2623 sit,
539 2545 838 2622 integrum
891 2549 1072 2625 atque
1121 2546 1511 2607 iniudicatum
1560 2545 2028 2625 relinquendum·
2075 2544 2265 2607 nobis.
2312 2548 2417 2607 est.

380 2647 546 2724 Quae
568 2664 713 2709 uero
737 2650 1070 2724 sequuntur
1101 2647 1303 2721 uerba,
1337 2666 1410 2709 ea
1442 2665 1551 2727 pro
1583 2648 1835 2726 integris
1863 2646 2073 2717 haberi
2101 2652 2419 2726 nequeunt.

382 2749 678 2815 Lacunam
726 2748 884 2811 enim
932 2748 1086 2808 inter
1129 2742 1562 2833 Πεισίστρατος
1609 2756 1670 2813 et
1714 2747 1794 2823 ὥς
1844 2767 2019 2834 φησιν
2058 2767 2195 2813 esse
2237 2767 2422 2829 appa·

382 2857 492 2919 ret,
541 2849 731 2931 Quam
761 2847 1222 2932 Ritsehelius¹⁷)
1252 2853 1339 2915 ita
1370 2851 1723 2932 explendam
1755 2853 2037 2917 coniecit:

506 2951 742 3039 μᾶλλον
795 2941 898 3019 οὖν
940 2947 1153 3017 Σόλων
1199 2944 1482 3039 ‘'Op-'ww
1535 2950 1822 3040 ἐφώτισεν
1882 2947 1922 3022 ἢ
1973 2949 2422 3039 Πεισίστρατος,

381 3053 562 3143 ὅσπερ
595 3042 890 3127 συλλέξας
919 3051 1000 3118 τοὶ
1031 3049 1303 3142 Ὀμήρου
1334 3052 1641 3125 ἐνεποίησέ
1670 3076 1804 3131 τινᾳ
1843 3059 1924 3129 εἰς
1961 3053 2073 3121 τὴν
2102 3049 2426 3125 Ἀθηναίων

380 3155 567 3243 χάριν,
600 3154 680 3228 ὥς
710 3176 851 3242 φησι
880 3144 1194 3242 Διευχίδας
1225 3157 1286 3219 ὲν
1314 3154 1577 3244 πέμπτῳ
1609 3153 1995 3246 Μεγαρικῶν.

508 3260 673 3337 Quae
718 3261 1000 3322 scribenti
1025 3261 1281 3339 Diogeni
1302 3260 1669 3325 Ritschelius
1704 3262 2029 3326 arbit-ratus
2065 3268 2158 3324 est
2192 3263 2423 3341 opinio·

380 3381 516 3429 nem
551 3363 931 3431 obuersatam
965 3381 1121 3443 esse,
1154 3363 1205 3426 si
1230 3363 1585 3429 Pisistratus
1617 3363 1648 3422 ὀ
1675 3347 1939 3447 φωτίσας
1966 3358 2048 3423 τοὶ
2067 3356 2424 3448 Ὀμήρουῑθ)

481 3545 552 3611 ¹⁰)
589 3550 763 3617 episch.
789 3552 909 3614 cycl·
933 3565 983 3614 p.
1010 3552 1125 3603 388.
1199 3545 1266 3610 ¹¹)
1301 3551 1477 3603 melett.
1501 3551 1547 3607 11
1569 3567 1674 3614 pag.
1701 3553 1799 3602 132
1814 3567 1942 3616 seqq.
2015 3545 2083 3613 ¹²)
2118 3554 2153 3600 1.
2178 3554 2214 3601 1.
2238 3556 2361 3615 part.
2385 3553 2427 3601 11

379 3652 485 3701 pag.
527 3639 607 3689 95.
682 3630 747 3695 13)
782 3638 832 3684 in
883 3637 1095 3689 Nitzsch.
1131 3637 1237 3685 lib.:
1285 3638 1592 3700 Sagenpoesie
1622 3653 1729 3703 pag.
1770 3639 1889 3691 414.
1978 3633 2043 3699 ¹⁴)
2088 3640 2263 3687 Polem.
2306 3640 2429 3702 apud

380 3723 583 3777 Macrob.
616 3722 675 3771 V.
713 3724 792 3769 19.
865 3716 932 3781 1⁸)
966 3723 1194 3773 Meineck.
1236 3739 1401 3775 comm.
1452 3726 1583 3777 misc.
1624 3741 1673 3786 p.
1706 3726 1790 3773 42.
1862 3725 1922 3773 ef.
1957 3723 2194 3773 Plutarch.
2229 3725 2425 3786 reipubl.

383 3824 477 3872 ger.
509 3821 660 3873 praec.
699 3809 763 3865 7,·
830 3801 894 3867 ¹⁶)
929 3809 1223 3872 Bernhardy,
1258 3810 1293 3859 1.
1326 3810 1362 3856 1.
1395 3824 1443 3871 p.
1478 3811 1560 3861 94.
1650 3804 1717 3870 ¹⁷)
1750 3811 1783 3859 1.
1824 3811 1860 3859 1.
1892 3825 2000 3872 pag.
2035 3810 2117 3859 65.
2205 3803 2272 3869 ιο)
2306 3811 2427 3873 apud

382 3889 630 3942 Aelianum
646 3894 835 3955 legimus
871 3884 1134 3956 ἂπέφηνε”.
1208 3882 1213 3887 ’
