2692 4334
1198 246 1280 313 33

228 461 424 530 uerat,
460 455 687 534 quippe
728 455 827 533 qui
870 443 1047 533 longe
1087 456 1206 517 alio
1254 457 1313 516 in
1362 473 1581 534 genere
1627 454 1959 532 satageret,
1990 455 2052 515 in
2096 473 2167 518 eo
2198 473 2266 517 se

229 577 459 620 errasse
490 559 626 638 ipse
658 562 891 637 postea,
924 558 982 618 id
1017 558 1174 637 quod
1220 558 1337 619 iam
1371 547 1647 628 diximus,
1680 557 1993 619 confessus
2025 563 2135 620 est.
2195 556 2270 618 Et

228 660 547 740 plurimum
603 660 840 740 quidem
893 661 1188 735 interfuit,
1233 665 1298 720 ut
1342 661 1419 721 iis
1464 679 1610 720 usus
1654 664 2033 739 suppeteret,
2077 659 2269 722 sicubi

228 781 376 840 opus
410 766 560 836 erat,
593 762 754 841 apud
774 762 1098 824 Homerum
1122 764 1467 823 hexametra
1490 762 1648 823 bona
1668 762 2056 841 producendi.
2101 760 2268 838 Quae

227 870 424 925 autem
460 882 532 925 ex
560 864 803 925 Homeri
838 865 1198 926 carminibus
1229 864 1288 924 in
1321 863 1588 926 ordinem
1619 865 2015 942 redegerunt?
2047 864 2269 925 Nostra

228 967 472 1046 quidem
519 967 820 1028 sententia
862 967 1023 1029 solas
1055 965 1301 1027 Iliadem
1335 971 1396 1027 et
1425 965 1777 1044 Odysseam.
1824 968 1920 1027 An
1950 974 2128 1046 putas
2161 985 2267 1029 eos

228 1070 459 1144 omnia,
504 1088 658 1149 quae
699 1069 944 1132 Homeri
998 1087 1216 1129 nomen
1270 1073 1578 1145 gererent,
1621 1069 1984 1146 collegisse?
2052 1068 2170 1130 Sed
2219 1068 2272 1130 si

227 1174 415 1233 uerba
447 1177 509 1232 et
540 1172 869 1233 sententias
898 1177 1207 1232 auctorum
1240 1171 1553 1247 exigimus,
1583 1172 1683 1249 qui
1707 1176 1810 1232 aut
1831 1171 1949 1232 duo
1974 1171 2278 1232 uolumina

227 1279 464 1354 ponunt
516 1278 622 1335 aut
671 1274 756 1334 ita
800 1275 1153 1351 loquuntur,
1206 1278 1272 1332 ut
1322 1271 1566 1333 Homeri
1619 1273 1859 1333 nomine
1912 1272 2163 1334 Iliadem
2217 1278 2277 1334 et

228 1376 567 1456 odysseam
613 1377 985 1454 significent,
1017 1375 1400 1436 statuendum
1441 1376 1614 1436 nobis
1645 1376 1785 1450 erit,
1817 1375 2015 1436 socios
2045 1380 2277 1436 tantum

235 1480 293 1539 in
338 1481 496 1540 haec
539 1478 658 1540 duo
706 1496 960 1559 corpora
1001 1478 1266 1538 carmina
1309 1477 1644 1540 ordinasse.
1705 1478 1914 1556 Itaque
1955 1477 2278 1540 dissentire

236 1583 413 1644 nobis
445 1582 627 1642 liceat
655 1583 732 1643 ab
750 1577 819 1660 ⁷⁰)
853 1581 1060 1641 Ulricii
1090 1580 1461 1642 auctoritate.

357 1685 496 1745 Jam
527 1703 672 1745 uero
705 1685 777 1759 si,
810 1688 1096 1761 quantum
1124 1682 1256 1743 fieri
1287 1683 1538 1762 poterit,
1570 1699 1948 1760 quaeremus,
1979 1682 2278 1762 quomodo

230 1782 584 1848 Pisistratus
640 1787 886 1865 eiusque
942 1787 1246 1847 adiutores
1289 1803 1414 1846 rem
1456 1785 1732 1863 aggressi
1773 1786 1929 1859 sint,
1972 1786 2275 1861 fabellam,

233 1907 407 1967 quam
459 1888 832 1966 grammatici
882 1893 1157 1962 narrant,
1208 1888 1474 1965 paullum
1529 1887 1896 1962 curabimus,
1940 1889 2047 1950 sed
2093 1889 2280 1950 animi

234 2009 419 2053 causa
447 1982 670 2053 addere
702 1990 1239 2067 libet..Postquam
1270 1989 1516 2061 Homeri
1547 2008 1734 2069 opera
1756 1991 2062 2068 perierunt
2091 1992 2281 2053 incer-

232 2099 356 2153 tum
406 2093 541 2170 igni
589 2112 667 2153 an
719 2100 883 2154 motu
955 2098 1149 2154 terrae
1205 2111 1281 2153 an
1332 2092 1505 2171 aquis
1564 2091 1891 2173 absumpta
1933 2093 2283 2156 Pisistratus

235 2194 438 2270 edixit,
471 2199 540 2256 ut
571 2198 643 2257 ex
672 2195 832 2256 omni
865 2193 1119 2257 Graecia
1147 2195 1225 2255 ad
1258 2212 1324 2257 se
1355 2194 1705 2271 deferretur,
1737 2197 1791 2258 si
1821 2197 1980 2274 quod
2011 2196 2284 2259 Homeri·

237 2314 368 2357 cnm
400 2298 639 2377 uspiam
685 2297 916 2359 lateret.
974 2298 1073 2358 Ita
1101 2298 1401 2374 inuentus,
1432 2297 1533 2375 qui
1565 2304 1801 2359 centum
1834 2316 2076 2374 uersus,
2107 2300 2284 2376 alius,

237 2400 338 2477 qui
391 2399 555 2460 mille
613 2400 800 2474 aliuS,
841 2400 940 2478 qui
993 2402 1279 2460 maiorem
1318 2418 1630 2460 numerum
1671 2401 1983 2462 conferret.
2057 2399 2285 2477 Quibus

237 2500 518 2562 omnibus
562 2502 824 2580 receptis
866 2501 1251 2580 collectisque
1299 2503 1332 2560 7
1343 2503 1377 2561 2
1435 2503 1854 2578 grammaticos
1897 2503 2034 2583 ipse
2077 2504 2282 2565 statim

238 2604 629 2682 congregauit
658 2621 880 2681 eosque
914 2604 1093 2664 iussit
1128 2605 1285 2665 hanc
1307 2605 1665 2682 farraginem
1687 2606 1749 2664 in
1770 2605 1995 2666 iustum
2017 2605 2287 2668 ordinem

239 2707 531 2784 redigere.
577 2706 650 2767 In
681 2706 796 2768 hoc
826 2724 1120 2768 consessu
1143 2707 1664 2786 grammaticorum
1687 2725 1835 2788 prae
1860 2708 2075 2769 ceteris
2097 2704 2288 2772 Zeno·

241 2807 382 2870 doto
431 2812 491 2869 et
533 2807 883 2869 Aristarcho
931 2809 1097 2870 locus
1144 2809 1336 2871 datur.
1401 2807 1573 2885 Quod
1613 2815 1810 2871 autem
1853 2810 1932 2872 ad
1976 2830 2288 2873 numerum

240 2911 767 2988 grammaticorum
796 2912 1076 2989 pertinet,
1108 2916 1364 2991 apparet
1387 2913 1767 2974 obuersatam
1800 2932 1936 2975 esse
1967 2914 2126 2976 bono
2159 2915 2289 2977 uiro

241 3012 510 3075 fabulam
548 3012 716 3089 illam
757 3014 1157 3090 antiquiorem
1199 3014 1440 3090 quidem
1482 3015 1591 3076 sed
1631 3015 1791 3075 haud
1834 3016 2098 3077 melioris
2129 3016 2290 3091 fidei,

240 3133 361 3194 qua
391 3114 640 3176 totidem
681 3115 798 3175 uiri
827 3115 1014 3176 libros
1047 3132 1252 3175 sacros
1296 3115 1360 3175 in
1389 3113 1685 3177 Graecum
1725 3116 2109 3179 transtulisse
2153 3137 2292 3198 per·

237 3217 540 3279 hibentur.
587 3216 781 3278 Etiam
797 3216 1118 3278 Muellerus
1133 3212 1204 3297 ⁷¹)
1231 3217 1514 3299 opinatur
1534 3219 1609 3279 ad
1637 3219 1905 3296 singulas
1929 3219 2292 3300 rhapsodias

241 3319 669 3380 declamandas
722 3318 1062 3398 complures
1107 3321 1448 3399 rhapsodos
1494 3322 1818 3383 arcessitos
1871 3328 1933 3383 et
1982 3342 2054 3384 ex
2103 3324 2293 3385 uariis

243 3439 399 3499 quas
454 3421 850 3500 protulissent
899 3423 1071 3498 quasi
1113 3423 1472 3484 lectionibus
1529 3423 1813 3484 selectam
1854 3441 1991 3486 esse
2033 3445 2072 3487 a
2113 3426 2294 3488 sociis

245 3540 414 3601 eam,
457 3539 611 3601 quae
641 3520 902 3584 Homero
945 3524 1302 3601 dignissima
1340 3525 1666 3586 uideretur.
1734 3525 2095 3605 Rhapsodos
2138 3529 2295 3590 enim

242 3629 372 3685 tum
404 3625 738 3704 permultos
769 3626 959 3687 fuisse
990 3627 1315 3703 contendit,
1349 3627 1448 3705 qui
1473 3627 1661 3705 largis
1686 3631 1922 3706 tyranni
1949 3631 2295 3692 muneribus

243 3727 511 3787 allectati
552 3731 732 3805 atque
778 3728 1018 3789 inuitati
1048 3729 1320 3791 Athenas
1352 3730 1681 3793 uenissent.
1729 3731 1860 3794 Hae
1892 3739 2035 3796 sunt
2061 3733 2296 3814 opinio-

349 3940 420 4010 Ῐο)
445 3948 480 3996 l·
498 3947 532 3996 l·
557 3948 596 3997 1.
618 3961 667 4009 1)-
690 3948 790 3997 403
814 3954 914 3998 not.
990 3943 1055 4007 ⁷¹)
1078 3949 1254 3999 homer.
1280 3951 1527 4002 Vorsehul.
1551 3967 1656 4014 pag.
1686 3955 1765 4002 77.

1854 4039 1885 4082 8
