2692 4334
1326 225 1413 288 40

350 442 535 513 neret,
571 437 878 514 „membra
908 434 1160 495 disiecta
1199 431 1454 514 poetae“
1488 433 1545 492 in
1592 431 1710 492 duo
1743 431 2006 491 carmina
2039 424 2400 510 (Odysseam

349 546 410 600 et
437 534 710 619 Iliadem)
754 538 1023 615 collegit,
1071 537 1403 610 ordinauit,
1444 535 1673 614 primus
1716 538 1843 593 tota
1882 534 2035 593 inter
2076 549 2142 592 se
2183 533 2402 592 cohae-

349 643 543 703 rentia
581 641 799 702 litteris
841 640 1165 700 mandauit.
1226 639 1293 698 In
1340 657 1458 714 qna
1489 655 1674 715 opera
1714 636 2000 696 nonnulla
2042 634 2112 693 ad
2148 634 2400 710 gloriam

351 745 722 804 Athenarum
754 742 1154 803 exornandam
1188 740 1597 818 interpolauit.
1644 737 1809 813 Quae
1842 737 2022 798 editio
2046 735 2405 796 Pisistratea

350 852 566 925 postea
607 846 832 906 interiit
873 844 1142 923 quidem,
1188 844 1293 903 sed
1338 843 1542 902 multis
1576 840 1863 917 exemplis
1907 844 2245 918 propagata
2276 857 2402 897 om-

352 949 544 1015 nium,
587 965 738 1027 quae
783 952 997 1026 postea
1036 945 1629 1020 circumferebantur„
1677 942 2000 1021 editionum
2048 940 2401 1000 fundamen-

350 1056 477 1111 tum
520 1050 648 1109 fuit.
709 1050 988 1127 ⁴Denique
1032 1048 1417 1134 Hipparchus
1460 1047 1808 1124 imperauit,
1855 1051 1921 1104 ut
1961 1043 2403 1103 Panathenaeis

353 1153 620 1212 carmina
659 1170 729 1213 eo
773 1151 1010 1225 ordine,
1053 1168 1169 1228 quo
1212 1169 1248 1209 a
1291 1155 1457 1227 patre
1490 1154 1697 1210 essent
1728 1147 2086 1220 constituta,
2119 1147 2403 1205 decanta·

353 1253 617 1315 rentur“.

1125 1975 1640 2059 VITA.

359 2140 590 2237 Natus
652 2194 782 2237 sum
861 2175 1321 2237 Fredericus
1388 2174 1808 2235 Guilelmus
1864 2174 2070 2251 Haag
2146 2175 2206 2237 in
2269 2176 2408 2235 uico

288 2356 291 2363 .
363 2278 711 2352 Mosellam,
737 2278 830 2337 cui
851 2296 1063 2338 nomen
1096 2284 1191 2339 est
1213 2278 1552 2349 Muelheim,
1585 2295 1743 2337 anno
1761 2277 1881 2338 hs
1914 2276 2039 2355 XL.
2074 2296 2127 2337 a.
2147 2277 2204 2337 d.
2239 2277 2406 2339 VIII.

363 2381 451 2440 Id.
483 2373 608 2454 Jul,
641 2385 812 2458 patre
842 2379 1025 2440 Fran
1043 2382 1244 2441 cisco
1270 2379 1677 2451 Guilelmo,
1712 2383 1899 2439 matre
1924 2377 2154 2456 Sophi
2175 2376 2408 2439 aGui·

364 2482 610 2554 lelma·‚
664 2501 700 2542 e
743 2488 918 2558 gente
961 2482 1229 2557 Baehr,
1271 2486 1425 2560 quos
1481 2485 1762 2560 parentes
1811 2482 2007 2541 adhuc
2049 2482 2412 2560 superstites

365 2602 620 2644 ueneror
650 2592 710 2644 et
753 2589 818 2643 ut
845 2585 1008 2644 Deus
1041 2584 1109 2645 Ο.
1143 2585 1218 2647 M.
1254 2602 1431 2662 quam
1475 2584 1808 2646 diutissime
1841 2580 2043 2643 seruet
2073 2584 2174 2662 pio
2205 2584 2410 2643 animo

368 2703 598 2763 precor.
647 2685 818 2745 Fidei
849 2687 1125 2747 addictus
1159 2706 1289 2747 sum
1322 2686 1722 2763 euangelicae.
1771 2685 2122 2749 Litterarum
2150 2685 2411 2745 elemen-

365 2788 444 2846 tis
486 2787 545 2846 in
590 2789 1014 2866 progymnasio
1056 2789 1451 2849 Trarbacensi
1494 2788 1757 2848 imbutus
1800 2793 2117 2866 postquam
2166 2805 2410 2865 gymna-

369 2889 523 2949 sium
578 2889 1096 2962 confluentinum,
1150 2891 1309 2967 quod
1376 2891 1489 2950 sub
1538 2890 1972 2950 Alexandro
2022 2889 2410 2971 Dominico

367 2991 561 3064 floret,
592 3009 701 3068 per
730 2996 1009 3068 quattuor
1038 3011 1232 3053 annos
1262 2992 1658 3069 frequentaui‚
1684 3010 1841 3053 anno
1867 2989 2262 3053 MDCCCLXI
2286 3009 2413 3051 ma·

367 3093 628 3154 turitatis
680 3095 1024 3155 testimonio
1065 3095 1393 3156 instructus
1445 3104 1483 3153 a
1522 3095 1650 3154 uiro
1704 3094 2038 3155 clarissimo
2081 3092 2411 3171 HilgerS,

372 3194 794 3255 Uniuersitatis
835 3194 1296 3257 Fredericae
1328 3194 1784 3256 Guilelmiae
1841 3196 2242 3257 Rhenanae
2282 3213 2412 3256 ree-

244 3338 251 3343 ]
370 3301 533 3367 tore,
577 3297 793 3356 ciuium
826 3298 1302 3358 academicorum
1336 3315 1581 3358 numero
1612 3298 1955 3377 adscriptus
1987 3317 2150 3372 sum,
2182 3305 2248 3359 ut
2277 3315 2414 3358 cum

371 3398 792 3478 philosophiae
836 3404 961 3458 tum
1004 3400 1378 3477 antiquitatis
1401 3472 1404 3479 .
1425 3405 1485 3460 et
1531 3399 1768 3477 linguae
1806 3402 2164 3469 uernaculae
2196 3400 2414 3463 studiis

372 3518 468 3565 me
501 3499 800 3561 dederem.
860 3500 1038 3563 Viros
1068 3501 1273 3562 audiui
1303 3501 1777 3562 illustrissimos:
1824 3502 1879 3562 H
1893 3504 1954 3564 ei
1971 3523 2029 3564 m
2043 3522 2074 3565 s
2089 3521 2122 3564 ο
2137 3504 2339 3565 ethin
2356 3522 2414 3562 m

373 3602 721 3662 Jahnium
753 3601 1216 3663 Loebellium
1241 3603 1549 3664 Ritsche
1568 3605 1669 3664 liu
1688 3623 1744 3664 m
1768 3604 2169 3682 Ritterum‚
2199 3604 2417 3666 Scho-

372 3722 412 3782 p
426 3720 459 3763 e
472 3722 562 3764 nu
575 3722 653 3764 m.
720 3703 970 3766 Duobus
1013 3707 1404 3767 semestribus
1446 3709 1707 3784 peractis
1749 3706 2090 3768 Berolinum
2132 3708 2415 3768 transmi-

375 3805 564 3883 graui,
594 3805 697 3866 ubi
730 3824 840 3882 per
866 3807 1129 3884 quinque
1161 3809 1476 3869 semestria
1506 3826 1697 3886 usque
1726 3809 1804 3869 ad
1833 3809 1950 3869 hoc
1979 3816 2220 3888 tempus
2251 3826 2413 3870 com·

375 3910 641 3968 moratus
673 3908 895 3970 scholis
927 3908 1165 3970 interfui
1198 3910 1599 3971 celeberrimis
1630 3911 1677 3971 B
1690 3928 1725 3971 o
1738 3928 1770 3975 e
1783 3928 1816 3970 c
1828 3912 1869 3971 k
1885 3911 1983 3985 hi,
2016 3911 2066 3971 D
2080 3929 2155 3972 ro
2168 3929 2209 3990 y
2223 3929 2253 3970 s
2266 3928 2298 3972 e
2315 3929 2350 3971 n
2363 3911 2382 3970 i
2398 3955 2415 3987 ,
