2692 4334
1290 255 1295 259 ·
1389 207 1429 270 8

385 420 696 481 Welckero
710 415 758 496 4Ρ)
814 417 1101 479 acerrime
1141 417 1493 495 impugnata
1534 422 1647 479 est.
1717 417 1923 479 Cicero
1954 417 2112 477 enim
2144 416 2423 477 Pisistra-

381 530 507 582 tum
538 523 714 582 nimis
746 523 986 583 doctum
1020 520 1375 599 praedicans
1406 515 1785 595 exclamat⁶):

515 620 704 701 „Quis
735 624 966 685 doctior
990 622 1204 684 iisdem
1226 622 1349 682 illis
1373 622 1742 715 tegnporibus
1769 617 1875 703 (sc.
1905 621 2015 682 VII
2041 620 2430 701 sapientium)

382 731 486 787 ant
528 727 695 787 cuius
726 726 1068 803 eloquentia
1107 724 1322 784 litteris
1363 725 1710 785 instructior
1748 725 1936 786 fuisse
1966 725 2221 786 traditur
2250 744 2432 803 quam

382 828 724 889 Pisistrati?
791 827 904 904 Qui
950 828 1177 905 primus
1224 827 1472 888 Homeri
1516 827 1736 901 libros,
1784 828 2067 889 confusos
2096 833 2309 902 antea,
2341 828 2435 889 sic

381 931 759 1011 disposuisse
802 929 1016 991 dicitur
1035 974 1052 1002 ‚
1083 934 1150 989 ut
1179 947 1336 989 nunc
1364 929 1677 990 habemus.
1742 929 1877 990 Non
1908 930 2019 990 fuit
2046 929 2148 990 ille
2182 930 2433 1006 quidem

384 1033 618 1095 ciuibus
664 1034 790 1094 suis
821 1032 986 1092 utilis
1006 1078 1022 1105 ‚
1055 1031 1163 1092 sed
1194 1031 1282 1092 ita
1311 1031 1653 1110 eloquentia
1683 1032 1912 1106 floruit,
1943 1038 2009 1093 ut
2037 1032 2255 1093 litteris
2288 1033 2433 1093 doc-

384 1137 661 1214 trinaque
692 1131 1089 1213 praestaret.“

512 1237 743 1298 Deinde
774 1236 1020 1297 Flauius
1063 1236 1369 1313 Josephus
1387 1232 1439 1314 ⁷)
1478 1236 1705 1314 aliquid
1751 1236 1825 1296 de
1868 1235 2168 1296 Pisistrati
2212 1236 2433 1297 studiis

387 1341 722 1403 Homericis
768 1346 1002 1414 narrat,
1049 1339 1154 1400 sed
1210 1357 1285 1400 ne
1339 1339 1507 1400 illum
1561 1339 1800 1417 quidem
1857 1339 2092 1399 nomine
2137 1338 2435 1416 designat,

387 1461 595 1505 uerum
628 1461 666 1501 a
697 1441 992 1520 scriptore
1036 1440 1361 1518 significari
1394 1443 1665 1503 conicere
1696 1459 2053 1519 possumus:
2110 1441 2435 1503 Homerum

385 1546 488 1606 ille
523 1544 731 1606 scribit
760 1545 990 1622 aliquot
1019 1545 1196 1604 annis
1239 1550 1382 1623 post
1411 1544 1636 1605 bellum
1667 1544 1992 1605 Troianum
2021 1544 2246 1605 uixisse
2277 1543 2428 1605 eius-

388 1666 505 1726 que
537 1646 803 1708 carmina
831 1646 1048 1707 litteris
1078 1664 1199 1706 non
1228 1646 1513 1706 mandata
1542 1646 1816 1708 cantibus
1846 1646 2284 1725 rhapsodorum
2308 1663 2426 1706 me-

389 1750 615 1813 moriae
660 1753 1037 1827 posterorum
1067 1745 1298 1826 [relata,
1347 1752 1561 1826 postea
1607 1750 1847 1810 demum
1890 1748 2144 1810 collecta
2185 1754 2246 1810 et
2267 1748 2431 1818 *ordi-

393 1859 534 1915 nata
566 1870 705 1913 esse
736 1850 893 1912 unde
925 1850 1332 1929 exemplorum
1363 1850 1831 1929 discrepantiam
1861 1851 2131 1930 expediri
2162 1869 2377 1931 posse:

525 1950 666 2029 »καί
691 1970 870 2037 φασιν
894 1939 1036 2013 οὐδὲ
1057 1957 1275 2011 τοῦτον
1299 1952 1405 2030 (sc.
1429 1942 1732 2037 ‘'Ogmzpov)
1766 1951 1827 2014 ἐν
1849 1947 2161 2039 γράμμασι
2189 1950 2299 2020 τὸν
2330 1953 2436 2012 αὑ-

393 2063 500 2117 τοῦ
529 2051 766 2122 ποίησιν
795 2055 1171 2132 καταλιπεῖν,
1205 2051 1369 2115 ἀλλὰ
1410 2041 2037 2139 διαμνημονευομένην
2080 2053 2149 2116 ἐκ
2175 2061 2299 2115 τῶν
2330 2054 2436 2135 ᾀσ-

394 2153 605 2243 μάτων
657 2153 904 2240 ὔστερον
947 2152 1303 2225 συντεθῆναι
1343 2153 1447 2216 καὶ
1495 2143 1596 2215 διὰ
1644 2164 1828 2217 τοῦτο
1880 2153 2115 2229 πολλᾶς
2166 2156 2228 2217 ἐν
2279 2157 2437 2238 αὐτῇ

395 2267 555 2343 σχεῖν
596 2255 706 2331 τοὶς
738 2246 1120 2343 διαφωνίας.“

521 2363 618 2423 Ad
671 2364 923 2423 uerbum
963 2357 1320 2430 συντεθῆναι
1366 2361 1616 2424 Wolfius
1662 2361 1857 2423 addit:
1901 2362 2182 2424 uidelicet
2220 2381 2258 2422 a
2286 2362 2439 2422 Pisi-

397 2470 584 2527 strato
618 2472 678 2525 et
705 2466 954 2525 adnotat
966 2459 1051 2543 ⁸):
1088 2465 1408 2540 „Tironum
1440 2465 1635 2542 gratia
1666 2484 1799 2525 cum
1816 2465 2079 2526 Meriano
2110 2465 2443 2526 notandum

397 2572 509 2642 est,
540 2568 690 2627 illud
722 2562 898 2651 φασίν
930 2567 1015 2626 de.
1034 2567 1227 2627 rebus·
1246 2566 1344 2627 uel
1376 2567 1729 2628 certissimis
1760 2566 2040 2646 usurpari
2063 2568 2123 2628 in
2149 2568 2309 2628 fama
2330 2568 2442 2627 mi·

396 2656 559 2731 nime
591 2671 882 2741 obscura,
912 2687 1033 2729 non
1062 2669 1136 2729 de
1168 2669 1255 2729 eis
1275 2713 1290 2742 ,
1323 2686 1477 2746 quae
1517 2689 1555 2729 a
1584 2671 1887 2731 nonnullis
1918 2671 2048 2732 siue
2081 2671 2289 2750 paucis
2318 2675 2443 2731 tra-

403 2773 640 2833 duntur.
686 2772 775 2831 De
804 2771 902 2831 his
935 2769 1161 2831 Graece
1192 2775 1285 2831 est
1317 2768 1492 2854 φασὶν
1525 2772 1686 2847 ἔνιοι,
1719 2769 1863 2855 φασί
1892 2770 2110 2843 τινες.“

496 2874 614 2935 De
646 2875 856 2936 eodem
886 2874 1017 2935 loco
1053 2869 1455 2952 Nitzschius⁹)
1500 2874 1687 2935 multa
1720 2875 2038 2955 disputans
2061 2894 2297 2938 omnem
2319 2876 2444 2938 fere

400 2977 672 3056 Josepho
715 2977 895 3037 fidem
946 2978 1218 3052 abrogat.
1292 2976 1388 3037 Ab
1441 2977 1536 3037 his
1581 2979 1955 3056 temporibus
2001 2979 2247 3056 saepius
2288 2978 2442 3038 Pisi-

402 3081 574 3141 strati
627 3079 898 3140 recensio
947 3080 999 3140 si
1042 3097 1159 3139 non
1203 3096 1445 3156 semper
1485 3079 1669 3142 uerbo
1700 3086 2089 3155 memoratur,
2121 3086 2185 3140 at
2215 3080 2442 3157 signifi-

401 3188 601 3256 catur,
631 3182 693 3242 id
724 3181 884 3260 quod
914 3180 1089 3241 facile
1120 3182 1393 3257 intellegi
1440 3187 1657 3260 potest.
1718 3182 1872 3242 Nam
1898 3183 2059 3242 haud
2090 3183 2276 3245 multo
2308 3188 2449 3259 post

404 3284 740 3361 Josephum
771 3282 1125 3343 Plutarchus
1144 3278 1217 3357 ¹⁰)
1251 3289 1457 3343 narrat
1486 3283 1740 3345 Heream
1756 3284 2099 3361 Megareum
2124 3284 2446 3362 scripsisse

405 3385 788 3446 Pisistratum
843 3402 1083 3446 uersum
1126 3383 1435 3463 Odysseae
1485 3386 1577 3447 XI
1631 3389 1745 3447 631
1767 3380 1837 3464 ¹¹)
1881 3373 2272 3471 χαριζόμενον
2322 3393 2447 3458 τοῖς

405 3481 743 3558 Ἀθηναίοις
771 3486 1048 3549 intulisse
1079 3489 1139 3548 in
1169 3488 1514 3550 Homerum.

508 3651 550 3717 ⁶)
587 3660 644 3705 de
686 3658 812 3706 Orat.
854 3658 938 3705 111.
981 3659 1062 3706 34.
1112 3657 1138 3717 ξ
1184 3658 1295 3706 137.
1381 3652 1422 3717 ⁷)
1479 3651 1585 3722 περὶ
1639 3649 1967 3723 ἀρχαιότητος
2012 3649 2267 3703 Ἰουδαίων
2323 3648 2446 3703 κατὰ

403 3735 660 3798 Ἀπίωνος
689 3748 733 3793 1.
762 3747 808 3791 2.
881 3739 922 3803 ⁸)
946 3746 1118 3806 proleg.
1143 3743 1353 3792 LXXVII
1377 3748 1473 3793 not.
1501 3746 1582 3794 38.
1656 3740 1696 3804 ⁹)
1731 3746 2003 3793 meletemm.
2028 3745 2143 3792 fasc.
2170 3746 2191 3791 Ι
2214 3760 2262 3806 p.
2290 3745 2355 3792 24
2376 3758 2446 3805 sq.

407 3823 474 3889 ¹⁰)
513 3830 651 3878 Thes.
687 3845 789 3892 cap.
824 3831 905 3878 20.
979 3825 1045 3889 ¹¹)
1081 3831 1239 3878 multis
1274 3832 1324 3877 in
1346 3831 1476 3879 libris
1508 3832 1666 3879 inueni
1700 3844 1880 3878 uersum
1908 3832 2007 3878 630
2030 3832 2342 3886 memorum,
2368 3830 2450 3877 sod

405 3929 500 3963 non
523 3915 697 3972 dubito,
734 3916 846 3976 quin
871 3916 966 3963 631
993 3916 1291 3975 significetur.
