2692 4334
1363 197 1441 261 16

375 402 783 477 Pisistratum,
836 401 1292 464 Atheniensium
1342 407 1691 481 tyrannum,
1748 402 1955 462 Iliadis
2009 407 2069 462 et
2111 400 2438 480 Odysseae.

377 510 581 583 partes
613 525 645 565 e
678 505 1074 584 dissipatione
1104 505 1210 565 illa
1238 505 1561 566 retraxisse
1594 521 1895 583 operaque
1925 506 2189 565 uirorum
2218 504 2429 566 docto·

373 626 504 667 rum
536 607 804 667 adiutum
838 608 1176 684 colligenda
1209 608 1410 667 omnia
1443 596 1735 682 „disiecta
1764 607 1934 684 quasi
1979 608 2248 667 membra
2278 624 2425 684 poe-

374 706 534 783 tae“‚
568 709 928 784 ordinanda,
960 708 1176 769 litteris
1218 726 1460 771 curasse
1493 707 1903 769 describenda.
1977 708 2357 769 Pisistratum
2375 703 2424 787 ⁵)

376 816 436 871 et
458 812 653 888 ipsum
679 811 949 872 ordinem
972 810 1389 890 proculdubio
1423 811 1625 871 multis
1656 811 1805 872 locis
1827 815 2096 890 mutasse
2122 815 2182 870 et
2206 810 2421 871 arctio·

373 913 540 976 ribus
573 914 744 992 quasi
776 914 1005 992 laqueis
1037 917 1298 974 extrema
1339 913 1604 973 carmina
1644 930 1774 973 cum
1816 911 2005 974 initiis
2048 913 2421 990 subsequen-

374 1016 520 1076 tium
564 1015 884 1093 colligasse
926 1021 986 1077 et
1025 1014 1160 1076 aliis
1214 1032 1449 1093 quoque
1501 1014 1681 1088 lociS‚
1734 1015 1836 1093 qui
1888 1020 2096 1093 aperte
2147 1015 2304 1075 inter
2356 1033 2422 1074 se

373 1136 641 1195 pugnare
672 1118 1016 1178 uiderentur
1043 1122 1147 1177 aut
1182 1116 1451 1177 eiciendo
1482 1122 1586 1177 aut
1614 1117 1891 1177 addendo
1923 1118 2249 1177 carminum
2281 1134 2421 1196 pro-

377 1222 650 1299 spexisse
681 1219 1047 1298 aequalitati.
1129 1219 1400 1296 Denique
1429 1218 1696 1279 Lauerus
1710 1213 1756 1297 6)
1783 1208 2180 1279 'Pisistratum
2213 1219 2423 1279 scribit

372 1324 633 1402 primum
663 1323 928 1383 carmina
950 1322 1060 1382 illa
1088 1322 1408 1400 popularia
1436 1321 1692 1383 iussisse
1720 1326 1851 1382 tota
1878 1321 2095 1382 litteris
2125 1321 2418 1394 mandari,

374 1443 490 1502 quo
522 1425 742 1486 factum
768 1442 922 1500 esse,
954 1428 1021 1484 ut
1047 1422 1155 1483 illa
1183 1424 1480 1501 proferret
1508 1424 1566 1482 in
1600 1424 1884 1483 maiorem
1914 1424 2206 1498 notitiam,
2241 1441 2419 1500 quam

374 1545 505 1587 cum
538 1532 892 1588 canerentur
922 1531 983 1587 et
1012 1525 1262 1604 carptim
1291 1525 1649 1602 legerentur,
1680 1525 1809 1585 fieri
1842 1531 2070 1604 posset.
2124 1525 2419 1602 Illumque

372 1629 693 1690 adductum
726 1648 861 1691 esse
890 1629 966 1690 ad
1000 1647 1071 1690 ea
1102 1627 1469 1704 colligenda,
1515 1628 1672 1706 quod
1702 1627 1864 1688 haud
1907 1628 2183 1704 ignarus,
2228 1614 2413 1705 quan·

371 1735 498 1791 tum
527 1724 823 1795 Homerus
854 1731 931 1792 ad
978 1731 1206 1801 animos
1235 1730 1543 1791 hominum
1575 1730 1901 1792 monendos
1931 1729 2188 1804 ualeret,
2209 1803 2212 1806 .
2230 1729 2416 1791 maxi-

372 1852 529 1895 mam
562 1835 681 1893 uim
712 1834 1051 1895 habiturum
1085 1851 1219 1894 eum
1250 1832 1328 1893 ad
1361 1832 1733 1910 tyrannidem
1759 1850 1928 1894 suam
1946 1831 2417 1893 Atheniensibus

374 1935 909 1997 commendandam
939 1940 1266 2016 sperasset.

500 2037 655 2099 Sane
701 2039 938 2117 quidem
981 2038 1226 2101 nimium
1269 2038 1479 2099 tribuit
1509 2036 1758 2098 Wolfius
1798 2037 2158 2097 testimoniis
2202 2041 2263 2097 et
2306 2037 2418 2096 mi-

369 2158 503 2200 rum
550 2140 612 2199 in
653 2140 893 2201 modum
942 2142 1200 2202 excessit
1243 2141 1370 2201 ueri
1415 2140 1596 2214 finem,
1650 2143 1714 2198 at
1763 2157 1973 2217 parum
2021 2140 2109 2199 eis
2139 2138 2418 2198 addicere

373 2241 648 2302 uidentur
705 2243 974 2305 nonnulli
1033 2262 1104 2305 ex
1163 2243 1283 2325 eis,
1344 2243 1447 2321 qui
1497 2243 1559 2302 in
1614 2243 1910 2311 sententia
1963 2240 2257 2303 Wolfiana
2313 2240 2419 2301 illa

373 2360 604 2423 summo
637 2346 898 2405 omnium
930 2345 1098 2425 prius
1128 2346 1332 2406 fauore
1365 2351 1617 2425 excepta
1646 2344 1721 2404 de
1755 2343 1982 2420 origine
2014 2343 2259 2409 Homeri
2290 2361 2417 2404 car-

372 2445 598 2506 minum
626 2447 954 2508 refellenda
981 2453 1298 2509 uersantur
1327 2448 1713 2526 perhibentes
1750 2446 1910 2519 haud
1937 2447 2022 2506 ita
2043 2465 2264 2524 magna
2279 2464 2414 2506 esse

372 2545 672 2608 Pisistrati
703 2549 776 2609 de
802 2550 1162 2617 carminibus
1185 2549 1573 2611 restituendis
1596 2549 1826 2617 merita.
1869 2548 1990 2610 Sed
2012 2547 2356 2610 Nitzschius
2371 2543 2415 2625 7)

374 2649 643 2726 quidem,
720 2647 1067 2730 Ulricius‚⁸)
1144 2652 1491 2713 Welckerus
1509 2648 1556 2732 ⁹)
1634 2653 1991 2713 sententiam
2066 2651 2415 2713 Wolfianam

370 2750 563 2812 adorti
596 2757 737 2813 sunt
767 2771 837 2814 eo
870 2761 1029 2814 certe
1058 2755 1186 2815 iure
1206 2800 1221 2828 ,
1255 2753 1417 2832 quod
1450 2754 1551 2814 ille
1576 2752 1858 2835 primum
1886 2753 2267 2815 Pisistratum
2299 2753 2417 2812 Ho-

373 2855 521 2914 meri
555 2855 821 2915 carmina
848 2856 1065 2916 litteris
1098 2857 1418 2917 mandasse
1451 2858 1773 2918 contendit.

499 2955 589 3018 Ac
620 2956 960 3025 Nitzschius
1003 2959 1063 3019 in
1097 2959 1492 3020 meletematis
1509 2954 1579 3037 10)
1622 2959 1851 3020 iudicat
1879 2959 2262 3020 Pisistratum
2292 2977 2417 3019 ma·

371 3057 525 3120 xime
565 3061 681 3122 hoc
734 3061 851 3123 sibi
905 3062 1299 3140 proposuisse
1340 3062 1561 3137 uideri,
1614 3067 1681 3122 ut
1723 3081 1964 3122 summo.
2000 3060 2199 3122 studio
2242 3061 2422 3138 plena

372 3159 619 3225 Homeri
662 3163 934 3241 exempla
974 3183 1013 3225 a
1049 3165 1401 3243 rhapsodiS‚
1455 3182 1642 3244 penes
1696 3181 1848 3243 quos
1890 3163 1967 3223 ad
2008 3162 2185 3223 istam
2229 3180 2421 3240 usque

373 3267 630 3324 aetatem
664 3265 828 3326 solos
862 3267 1218 3344 scriptorum
1252 3268 1580 3328 carminum
1612 3264 1885 3343 exempla
1916 3270 1975 3325 et
2008 3282 2155 3325 usus
2187 3263 2419 3338 fuisset,

371 3372 613 3444 pararet
640 3371 820 3447 atque
851 3369 1144 3447 imprimis
1187 3369 1430 3446 negotia
1469 3368 1576 3428 illa
1614 3361 1788 3429 ludos
1833 3367 2109 3446 publicos
2161 3370 2222 3428 et
2253 3384 2425 3427 sacra

371 3484 481 3528 nec
506 3469 626 3531 nisi
655 3471 1021 3549 reipublicae
1067 3490 1239 3532 usum
1284 3475 1615 3550 spectasse.
1691 3468 1807 3530 Sed
1849 3469 2188 3548 rhapsodos
2229 3485 2421 3547 neque

396 3569 679 3650 deinceps
722 3572 965 3634 Homeri
1019 3573 1283 3635 carmina
1328 3574 1615 3635 habuisse
1668 3590 1875 3635 omnes
1924 3591 2118 3651 neque
2169 3572 2422 3650 integra.

385 3720 522 3735 ——q

473 3820 515 3883 ⁵)
551 3824 665 3874 ibid.
693 3841 740 3887 p.
786 3828 901 3873 112.
974 3821 1014 3884 ⁶)
1055 3826 1330 3874 homerisch.
1358 3827 1580 3875 Nachlass
1625 3827 1763 3874 Iuol.
1799 3826 1951 3874 Berol.
1980 3827 2127 3875 1851.
2190 3816 2233 3885 ⁷)
2268 3823 2422 3874 molet.

373 3909 489 3958 fasc.
514 3911 545 3990 ¹,
564 3924 669 3971 pag.
699 3911 813 3957 160.
862 3905 903 3968 ⁸)
930 3911 962 3957 1.
987 3912 1019 3958 1.
1044 3925 1149 3971 pag.
1174 3911 1290 3959 253.
1339 3906 1382 3970 ⁹)
1418 3926 1490 3972 ep.
1517 3926 1616 3971 eyc.
1639 3927 1687 3973 p.
1715 3913 1831 3960 386.
1894 3905 1961 3970 ¹⁰)
1996 3911 2110 3959 fasc.
2134 3912 2154 3958 1
2176 3926 2281 3971 pag.
2310 3912 2423 3958 166.
