2692 4334
1312 252 1395 316 26

338 458 649 550 ἠνάγκασε
676 458 817 536 τοὺς
856 449 1169 548 ῥαψῳδοὺς
1202 455 1650 533 Παναθηναίοις
1690 447 1757 533 ἐξ
1786 449 2142 543 ὑπολήψεως
2169 447 2402 548 ἐφεξῆς

339 561 499 626 αὐτοὶ
529 551 773 642 διιέναι,
804 562 1001 649 ὥσπερ
1032 569 1133 624 νῦν
1165 565 1254 624 ἔτι
1286 549 1415 624 οἵδε
1443 569 1728 625 ποιοῦσιν.

468 669 664 747 Atque
694 668 979 729 Aelianus
991 661 1082 745 ²⁵),
1115 667 1215 746 qui
1247 686 1280 729 e
1302 667 1559 729 Platone
1584 667 1865 729 hausisse
1887 685 2028 730 sese
2053 667 2394 746 profitetur,

340 790 492 850 quae
522 771 596 831 de
625 770 974 850 Hipparcho
1004 776 1223 842 narret,
1255 770 1346 831 sic
1375 770 1488 831 aitz

467 863 641 943 οὗτος
693 867 800 952 (se.
825 862 1168 957 Ἵππαρχος)
1215 869 1319 932 καὶ
1363 867 1445 931 τοὶ
1486 865 1757 958 Ὀμήρου
1812 873 1926 938 ἔπη
1980 866 2255 955 ἐκόμισεν
2308 871 2395 941 εἰς

339 970 584 1047 Ἀθήνας
613 972 717 1035 καὶ
744 970 1052 1061 ἠνάγκασε
1082 969 1221 1045 τοὺς
1251 960 1565 1060 ῥαψῳδοὺς
1592 981 1718 1046 τοῖς
1746 968 2197 1045 Παναθηναίοις
2228 968 2396 1033 αὐτοὶ

340 1064 522 1158 ᾄδειν.
1811 1142 1820 1153 Ι

440 1181 589 1243 -Sed
618 1180 759 1242 huic
787 1179 1324 1242 narrationifidem
1356 1179 1658 1257 abrogant
1690 1197 1791 1253 ea,
1823 1184 1977 1258 quae
2008 1179 2084 1240 de
2114 1178 2393 1242 Homeri-

340 1302 543 1346 corum
611 1283 938 1345 carminum
1004 1282 1359 1363 collectione
1410 1281 1768 1343 Pisistratea
1828 1282 2004 1343 nobis
2055 1282 2393 1342 traduntur.

341 1386 659 1448 Praeterea
686 1386 841 1446 haec
866 1385 1189 1462 splendida
1229 1384 1384 1446 ratio
1416 1384 1655 1446 dicendi
1685 1389 1780 1445 est
1809 1389 1870 1446 et
1898 1384 2077 1446 nimis
2108 1385 2394 1446 laudibus

341 1482 602 1567 plena²⁶)
635 1488 722 1548 ita
751 1493 816 1549 ut
846 1487 941 1548 uel
967 1486 1256 1548 Aelianus
1287 1487 1473 1548 uerba
1502 1487 1848 1548 exscribens
1880 1504 1997 1547 non
2023 1491 2240 1566 posset
2268 1505 2393 1549 non

343 1590 565 1652 diserte
617 1588 840 1651 addere
893 1589 1213 1651 subditicia
1257 1608 1330 1650 ea
1371 1590 1583 1652 uideri.
1651 1589 1729 1649 Et
1769 1590 2033 1655 carmina
2072 1589 2397 1652 Homerica

344 1698 524 1754 antea
579 1692 786 1770 ignota
837 1693 1023 1754 fuisse
1077 1692 1332 1754 Athenis
1386 1710 1560 1754 nemo
1617 1693 1731 1753 nisi
1771 1709 1970 1753 rerum
2013 1693 2393 1772 antiquarum

344 1813 593 1875 prorsus
624 1795 869 1874 ignarus
915 1794 1088 1857 facile
1120 1795 1463 1869 crediderit,
1496 1795 1603 1857 sed
1634 1801 1764 1858 tota
1792 1796 2236 1859 narratiuncula
2259 1813 2392 1858 sus-

347 1898 686 1977 picionibus
729 1896 1081 1959 iustissimis
1123 1897 1384 1959 obnoxia
1427 1892 1631 1977 est²⁷).
1707 1896 1833 1961 Nec
1882 1915 2028 1960 uero
2065 1897 2394 1960 uerisimile

344 2020 457 2062 nos
495 2000 733 2079 quidem
779 2004 1094 2080 putamus,
1125 2000 1437 2062 Platonem
1467 2001 1908 2078 Athenienses,
1939 2000 2041 2080 qui
2072 2005 2211 2062 ante
2242 1999 2393 2080 Hip·

347 2104 635 2184 parchum
666 2104 921 2176 fuerant,
953 2109 1074 2164 tam
1105 2103 1287 2164 rudes
1317 2104 1436 2165 sibi
1468 2104 1731 2179 finxisse,
1763 2109 1830 2165 ut
1859 2103 1937 2166 de
1959 2103 2219 2166 Homero
2243 2104 2394 2166 nihil

244 2261 249 2265 .
344 2207 659 2269 audissent
725 2224 977 2285 eumque
1041 2224 1290 2285 prorsus
1352 2206 1702 2284 ignorarent
1727 2252 1743 2280 ,
1805 2206 1917 2267 sed
1973 2211 2213 2273 totum
2269 2206 2393 2269 Ho-

349 2329 571 2372 merum
608 2310 681 2371 ab
706 2308 1053 2387 Hipparcho
1079 2309 1335 2387 primum
1359 2309 1661 2370 inductum
1687 2326 1824 2371 esse
1847 2308 2137 2384 Athenas,
2167 2309 2395 2388 quippe

347 2413 449 2490 qui
490 2412 834 2490 rhapsodos
867 2429 938 2471 ex
980 2411 1191 2472 ordine
1233 2408 1434 2490 (quem
1466 2417 1637 2490 pater
1666 2410 2086 2489 constituerat)
2129 2412 2397 2477 carmina

349 2514 635 2594 deinceps
688 2514 1006 2575 decantare
1051 2519 1309 2591 cogeret.
1378 2515 1527 2574 Nam
1573 2514 1631 2575 id
1677 2501 1742 2585 ἐξ
1782 2504 2140 2596 ὑπολήψεως
2181 2501 2395 2599 ἐφεξῆς

349 2618 653 2696 significat
681 2616 871 2694 longe
887 2609 965 2697 ²⁸)
1001 2617 1303 2677 diuersum
1345 2617 1422 2678 ab
1452 2617 1555 2678 illo
1588 2618 1770 2678 uerbo
1802 2603 1868 2689 ἐξ
1896 2613 2214 2696 ὑποβολῆς.
2273 2615 2393 2679 Ita·
2462 2644 2470 2649 ·

347 2739 462 2801 que
493 2721 721 2782 nullum
766 2738 835 2780 ex
867 2726 1134 2782 ueterum
1178 2720 1538 2781 testimoniis
1570 2721 1745 2780 nobis
1775 2719 2064 2797 refragari
2097 2719 2394 2781 uidemus.

474 2825 840 2903 Repetamus
880 2830 1079 2884 autem
1098 2866 1117 2902 ,
1162 2840 1313 2901 quae
1355 2823 1819 2883 enucleauimus⁴
1883 2822 2093 2883 Totius
2136 2821 2394 2901 antiqui·

348 2928 492 2989 tatis
537 2943 653 2987 uox
692 2930 817 2998 est,
859 2926 1200 3004 rhopsodos
1243 2923 1510 2985 carmina
1549 2925 1791 2987 Homeri
1833 2926 2220 2986 decantantes
2261 2942 2393 2985 cum

347 3030 525 3092 modo
573 3029 730 3089 hanc
781 3027 961 3090 modo
1012 3028 1178 3089 illam
1229 3027 1615 3106 rhapsodiam
1668 3028 1987 3106 eligerent,
2031 3022 2395 3105 multa'per-

349 3138 648 3207 mutasse;
683 3148 937 3211 quorum
978 3136 1043 3192 ut
1071 3131 1379 3193 libidinem
1411 3135 1740 3206 coerceret,
1771 3129 2048 3191 Solonem
2092 3130 2226 3207 lege
2257 3147 2394 3190 sau-

351 3234 555 3309 ciisse,
590 3238 655 3294 ut
697 3233 971 3311 singulae
1001 3239 1206 3312 partes
1249 3238 1455 3296 exacte
1493 3234 1566 3294 ad
1600 3233 1959 3312 scriptorum
1991 3231 2394 3310 exemplorum

350 3336 530 3397 fidem
577 3337 997 3410 recitarentur,
1039 3335 1419 3397 Pisistratum
1473 3340 1675 3396 autem
1725 3333 1995 3411 singulas
2033 3334 2396 3412 rhapsodias

352 3437 670 3515 collegisse
706 3443 766 3498 et
795 3439 855 3498 in
888 3437 1154 3499 ordinem
1187 3437 1520 3514 redegisse.
1567 3436 1665 3499 Sic
1695 3442 1889 3498 ortam
1918 3436 2241 3498 editionem
2264 3437 2394 3497 fun-

352 3541 697 3602 damentum
725 3539 913 3602 fuisse
940 3540 1205 3603 omnium
1238 3558 1462 3615 earum,
1493 3558 1647 3619 quae
1673 3540 2108 3620 sequebantur3
2138 3538 2395 3619 denique

457 3790 524 3856 ²⁸)
563 3797 620 3843 V.
647 3797 695 3846 8.
721 3798 768 3844 2.
814 3789 882 3854 ²⁶)
918 3796 1061 3843 Wolf.
1085 3798 1287 3858 prolegg.
1312 3812 1420 3858 pag.
1445 3797 1586 3845 omn
1603 3798 1729 3856 not-'3
1755 3796 1910 3844 welk.
1929 3810 2005 3857 ep.
2024 3797 2145 3857 cycl.
2162 3810 2265 3857 pag.
2280 3795 2393 3843 376.

356 3876 423 3940 ²⁷)
457 3882 613 3943 Payne
662 3880 849 3941 Knigth.
898 3881 1195 3943 prolegomm.
1245 3883 1307 3929 ad
1342 3882 1475 3929 Hom.
1516 3897 1621 3943 pag.
1655 3883 1706 3929 4.
1780 3874 1852 3940 ²⁸)
1897 3880 2103 3928 Nitzsch.
2138 3882 2312 3928 melett.
2353 3879 2396 3927 11

354 3982 460 4032 pag.
487 3970 723 4029 182seqq.
770 3965 925 4025 welk,
947 3966 1121 4028 episch.
1146 3967 1265 4029 cycl.
1288 3981 1337 4029 p.
1358 3967 1474 4015 878.
