2692 4334
1274 227 1312 289 7

247 437 341 499 de
373 434 674 497 Pisistrati
720 435 939 497 studiis
980 435 1350 497 accuratiora
1386 452 1460 497 ac
1489 434 1871 498 credibiliora
1897 436 2118 498 tradita
2147 442 2307 514 sunt,

250 558 442 619 quam
475 537 551 598 de
581 539 984 616 temporibus,
1018 556 1170 617 quae
1213 543 1700 616 praecesserant,
1732 540 2077 600 testimonia
2103 544 2305 600 tamen

244 641 470 702 talium
500 641 861 718 scriptor-um
893 639 1238 701 desiderare
1268 640 1475 715 liceat,
1507 642 1610 720 qui
1639 641 1943 702 Pisistrati
1972 646 2171 702 aetate
2201 642 2299 703 uel

244 743 421 805 haud
450 743 639 803 multo
672 746 815 821 post
834 742 1003 803 illum
1029 742 1421 821 scripserunt,
1452 748 1513 804 et
1534 749 1741 806 nostro
1766 744 1895 805 iure
1916 744 2306 819 interrogare,

246 864 364 906 cur
386 843 754 918 HerodotuS,
779 862 883 905 cur
906 845 1309 923 Thucydides,
1332 864 1438 907 cur
1458 845 1652 918 Plato,
1678 845 1779 925 qui
1800 845 2126 909 Homerum
2150 847 2306 908 eius-

249 965 376 1027 que
417 947 684 1008 carmina
724 952 847 1011 tam
889 965 1073 1027 saepe
1114 955 1611 1022 commemorant,
1644 967 1749 1009 cur
1777 948 2171 1022 Aristoteles,
2203 949 2306 1027 qui

248 1051 334 1111 de
383 1050 608 1110 unitate
640 1050 816 1128 opica
843 1068 987 1128 prae
1018 1050 1345 1111 dramatica
1374 1045 1679 1128 iudicat²)‚
1711 1069 1789 1111 ne
1812 1068 1955 1111 casu
1980 1051 2223 1128 quidem
2243 1052 2309 1111 in

249 1153 624 1214 mentionem
684 1152 1054 1213 recensionis
1099 1152 1488 1214 Pisistrateae
1530 1152 1863 1213 iuciderint.
1940 1151 2076 1228 Qua
2122 1152 2196 1212 de
2240 1171 2306 1213 re

247 1256 416 1316 infra
458 1255 633 1334 plura
671 1254 1136 1332 disputabimus.
1227 1254 1343 1315 Sed
1375 1256 1451 1315 ab
1483 1253 1907 1315 Alexandrinis
1939 1273 2300 1332 quamquam

254 1375 387 1418 non
414 1357 633 1419 diserte
663 1359 1021 1429 nominatur,
1051 1362 1253 1418 tamen
1282 1356 1487 1417 multis
1518 1356 1668 1419 locis
1699 1357 2006 1418 fatendum
2046 1363 2142 1418 est
2170 1376 2303 1418 eam

256 1476 559 1538 apparere
591 1460 933 1538 significari.
960 1459 1394 1521 Testimonium
1424 1464 1625 1520 autem
1647 1459 2121 1521 uetustissimum
2144 1460 2304 1521 haud

252 1562 388 1624 scio
419 1581 497 1623 an
522 1544 903 1641 ¹epigramma
930 1562 1079 1623 illud
1110 1562 1219 1633 sit,
1251 1562 1413 1640 quod
1443 1562 1748 1623 Pisistrati
1778 1568 2014 1623 statuae
2050 1562 2302 1622 Athenis

250 1664 614 1743 inscriptum
645 1665 997 1742 Anonymus
1013 1657 1061 1743 ³)
1092 1665 1414 1726 memoriae
1442 1669 1688 1725 nostrae
1718 1664 1928 1725 tradit:

394 1760 643 1851 ὕστερον
674 1753 763 1844 δὲ,
810 1769 894 1828 ait
918 1767 1049 1841 ille,
1096 1761 1530 1850 Πεισίστρατος
1558 1762 1718 1826 αὐτοὶ
1757 1761 1866 1846 (sc.
1905 1762 1986 1826 τά
2031 1758 2304 1851 Ὀμήρου

253 1863 594 1953 ποιήματα)
640 1867 1010 1955 συνήγαγεν,
1049 1869 1128 1941 ὡς
1165 1863 1240 1928 τὸ
1282 1865 1635 1954 ἐπίγραμμα
1666 1873 1851 1927 τοῦτο
1881 1853 2066 1934 δηλοῖ
2100 1861 2304 1948 (Ἀθή-

252 1988 422 2039 νησιν
455 1966 969 2056 ἐπιγεγραμμένον
992 1968 1055 2031 ὲν
1085 1965 1268 2030 εἰκόνι
1298 1969 1487 2030 αὐτοῦ
1515 1976 1626 2030 τοῦ
1656 1964 2115 2054 Πεισιστράτου)
2133 1991 2146 2006 ·

457 2066 598 2156 Τρίς
628 2090 705 2156 με
732 2068 1186 2156 τυραννήσαντα
1207 2067 1571 2144 τοσαυτάκις
1599 2058 1877 2143 ἐξεδίωξε

461 2159 651 2258 δῆμος
681 2168 1004 2258 Ἐρεχθῆος
1036 2171 1140 2234 καὶ
1166 2173 1292 2258 τρὶς
1321 2169 1690 2260 ἐπηγάγετο,

454 2273 561 2337 τὸν
592 2271 784 2361 μέγαν
814 2273 876 2336 ἐν
921 2274 1166 2356 βουλαῖς
1195 2271 1631 2360 Πεισίστρατον
1661 2270 1724 2348 ὃς
1756 2273 1864 2337 τόν
1894 2266 2175 2361 “Ομηρον

458 2365 709 2463 ἥδροισα
737 2363 1043 2462 σποράδην
1079 2373 1154 2438 τὰ
1182 2376 1316 2463 πρὶν
1346 2365 1711 2461 ἀειδόμενον.

459 2475 748 2564 ἡμέτερος
778 2476 892 2565 γὰρ
923 2486 1112 2550 κεῖνος
1142 2479 1174 2539 ὁ
1212 2475 1454 2564 χρύσεος
1482 2469 1556 2548 ἦν
1584 2474 1898 2557 πολιήτης,

458 2582 617 2668 εἴπερ
651 2576 951 2650 Ἀθηναῖοι
980 2576 1258 2666 Σμύρναν
1289 2579 1688 2667 ἑπῳκίσαμεν.

388 2701 762 2781 Quamquam
811 2696 959 2763 illud
1017 2706 1113 2763 est
1159 2702 1334 2763 nobis
1390 2701 1835 2763 concedendum
1886 2718 2004 2761 non
2049 2718 2297 2780 prorsus

257 2805 453 2867 refelli
482 2823 666 2885 posse
696 2809 801 2865 aut
829 2800 1022 2884 eos4),
1068 2805 1169 2884 qui
1198 2805 1316 2866 hoc
1356 2805 1731 2884 epigramma
1759 2805 1963 2865 dicant
1993 2822 2129 2866 esse
2160 2805 2291 2864 fon·

258 2912 381 2968 tem
422 2908 685 2968 omnium
730 2925 965 2980 eorum,
997 2925 1150 2985 quae
1180 2907 1314 2968 aliis
1343 2907 1496 2968 locis
1536 2907 1713 2969 nobis
1742 2907 1967 2968 tradita
1998 2914 2165 2979 sunt,
2196 2911 2303 2967 aut

262 3005 423 3089 qui⁵)
475 3027 546 3070 ex
587 3008 1024 3070 declamatione
1078 3009 1443 3069 scholastica
1493 3014 1687 3070 ortum
1729 3027 1864 3070 esse
1909 3009 2287 3070 contendant.

266 3111 470 3189 Neque
515 3110 671 3171 enim
712 3111 1107 3187 quando-hoc
1136 3086 1507 3188 epigramma
1553 3111 1954 3188 compositum
1996 3111 2104 3183 sit,
2136 3127 2297 3170 com-

266 3218 502 3292 pertum
541 3211 851 3273 habemus.
908 3211 1230 3272 Auctorem
1269 3217 1471 3272 autem
1511 3211 1879 3273 recensionis
1910 3212 2296 3273 Pisistrateae

268 3316 523 3395 primum
565 3314 791 3375 diserte
818 3315 1128 3376 nominare
1168 3332 1491 3392 possumus
1523 3312 1899 3389 Ciceronem,
1931 3314 2099 3374 cuius
2130 3315 2297 3375 testi-

258 3417 443 3478 monii
493 3416 588 3477 uis
641 3417 922 3496 quoniam
971 3417 1241 3478 oratione
1287 3417 1497 3479 inflata
1546 3417 1844 3494 permulto
1902 3417 2214 3491 minuitur,
2260 3434 2298 3476 a

362 3580 404 3645 ²)
438 3589 633 3635 Aristot.
656 3589 782 3649 poet.
817 3601 919 3649 cap.
951 3588 1012 3634 18
1051 3589 1098 3634 et
1123 3589 1202 3635 23.
1252 3587 1312 3635 cf.
1344 3588 1488 3634 Ulrici
1529 3587 1725 3645 ‚Gesch0
1759 3589 1841 3637 der
1873 3588 1983 3635 hell.
2009 3587 2293 3635 Dichtkunst

262 3672 396 3722 Iuol.
420 3687 523 3734 pag.
549 3674 665 3721 209.
736 3665 779 3731 ³)
815 3672 1013 3722 Bekkeri
1033 3674 1207 3722 Anecd.
1240 3687 1289 3735 p.
1324 3674 1449 3730 768,
1485 3674 1532 3721 et
1561 3675 1674 3722 totis
1705 3673 1800 3721 fere
1834 3674 2019 3722 Homeri
2058 3674 2168 3721 uitis
2202 3674 2296 3733 epi-

264 3773 457 3821 gramma
498 3758 618 3807 illud
661 3761 952 3807 memoratur.
1029 3759 1089 3808 cf.
1120 3759 1464 3819 ‚Sengebuschii
1510 3760 1693 3808 discen.
1739 3760 1925 3807 Homer.
1971 3758 2016 3806 Π
2061 3772 2163 3819 pag.
2207 3759 2291 3804 29.

274 3838 315 3902 ⁴)
346 3844 574 3893 wolcker.
629 3844 834 3905 ,episoln
870 3845 997 3906 Gycl.
1029 3844 1125 3893 uol-
1157 3844 1181 3891 1
1212 3858 1317 3904 pag.
1353 3844 1470 3891 386.
1535 3838 1576 3903 ⁵)
1611 3844 1819 3903 Nitzsch.
1866 3845 2079 3901 „Beitrag
2108 3855 2190 3889 zur
2208 3842 2292 3888 Ge-

265 3928 463 3978 schichte
488 3930 570 3978 der
592 3929 767 3991 episch.
792 3931 953 3978 Poesie
978 3931 1024 3977 d.
1049 3928 1227 3978 Griech.
1251 3943 1300 3990 p.
1323 3930 1423 3977 400
1448 3931 1547 3977 not.
