2692 4334
1241 301 1321 366 35

254 511 531 601 a⁴poesis
560 510 913 573 Homericae
944 511 1311 592 proprietate
1342 515 1404 572 et
1432 510 1885 575 Atheniensium
1915 512 2081 572 laudi
2110 513 2301 573 mani-

258 615 415 676 festo
446 614 746 689 seruiunt,
780 633 851 676 ex
883 613 1092 676 eodem
1125 615 1288 676 fonte
1319 615 1436 674 orti
1466 634 1602 677 esse
1631 615 1926 676 uidentur.
1991 613 2301 693 Odysseae

260 716 500 797 quidem
533 735 746 778 uersus
777 718 853 778 ab
883 717 1004 779 illis
1034 718 1433 797 interpolatos
1464 711 1950 798 Kirchhosfius⁷⁵)
1986 719 2245 795 collegit.

383 820 474 880 Ac
503 819 760 900 primum
789 820 1028 897 quidem
1057 821 1133 882 ad
1163 819 1223 895 λ,
1259 824 1382 881 604
1414 821 1704 881 scholium
1730 820 2113 880 Harleianum
2142 820 2300 882 Ono-

257 922 565 983 macritum
616 921 775 982 hunc
829 941 1068 983 uersum
1111 923 1515 1002 interpolasse
1556 926 1626 984 eit
1664 923 1914 987 Hesiodi
1956 923 2304 1000 Theogonia

258 1020 424 1099 (952)
468 1030 774 1104 sumptum
813 1030 1085 1086 annotat:
1126 1030 1346 1084 τοῦτον
1388 1022 1502 1085 ὑπὸ
1540 1018 1983 1111 Ὀνομακρίτου
2016 1033 2303 1095 πεποιῆσ-

256 1120 440 1204 θαί76)
480 1144 673 1210 φασιν·
705 1128 1048 1189 Nitzschius
1060 1124 1134 1206 ⁷⁷)
1167 1134 1227 1191 et
1254 1128 1675 1207 Bernhardyus
1687 1123 1759 1210 ⁷⁸)
1790 1133 1992 1189 notam
2024 1135 2304 1207 spectare

257 1228 437 1290 etiam
477 1230 780 1307 proximos
809 1249 1023 1292 uersus
1055 1231 1357 1291 affirmant
1395 1236 1454 1291 et
1484 1231 1765 1307 Lehfflrsius
1779 1226 1848 1312 ⁷⁹)
1881 1250 2120 1292 uersum
2157 1234 2301 1309 603,

253 1348 373 1390 non
409 1333 531 1391 604
558 1331 899 1408 significari.
950 1332 1175 1394 Versus
1208 1338 1410 1393 autem
1437 1337 1578 1393 sunt
1604 1333 1692 1394 hi:

458 1418 726 1494 εἴδωλον·
758 1430 938 1505 αὐτὸς
969 1419 1039 1494 δὲ
1069 1427 1201 1519 μετ’
1225 1428 1579 1494 ἀθανάτοισι
1611 1430 1833 1495 θεοῖσιν

458 1531 741 1619 τέρπεται
772 1537 833 1598 ἑν
866 1533 1081 1618 θαλίῃς
1110 1534 1211 1596 καὶ
1243 1538 1367 1621 ἔχει
1396 1534 1799 1623 καλλίσφυρον
1828 1528 2029 1618 Ἥβην

458 1623 651 1699 παῖδα
680 1633 819 1710 Διὸς
848 1634 1139 1725 μεγάλοιο
1170 1636 1273 1698 καὶ
1297 1629 1489 1725 Ήρης
1519 1625 1965 1725 χρυσοπεδίλου.

381 1742 604 1804 Alius
588 1761 705 1802 iam
736 1760 947 1803 uersus
979 1747 1071 1803 est
1100 1741 1142 1801 λ
1174 1744 1326 1803 631:

380 1836 598 1910 Θησέα
626 1836 944 1926 Πειρίθοόν
971 1861 1072 1919 τε,
1105 1839 1261 1903 θεῶν
1294 1829 1570 1928 ἐρικυδέα
1599 1838 1803 1902 τέκνα.

381 1945 734 2007 Plutarchus
746 1940 817 2022 ⁸⁰)
873 1947 1031 2007 enim
1082 1946 1265 2006 tradit
1317 1947 1546 2006 narrari
1599 1948 1674 2007 ab
1722 1947 1919 2007 Herea
1965 1947 2301 2023 Megarensi

253 2049 635 2109 Pisistratum
665 2066 735 2108 ex
758 2046 1024 2109 Hesiodo
1053 2066 1187 2109 eum
1228 2049 1616 2123 exstinxisse,
1649 2045 1844 2133 ὥσπερ
1878 2069 1952 2107 αυ
1984 2043 2215 2106 πάλιν’
2196 2068 2297 2134 εμ-

254 2146 460 2229 βαλεῖν
511 2149 592 2219 εἰς
640 2145 753 2216 τήν
782 2141 1056 2234 Ομῆρου
1113 2168 1350 2210 νεκυιαν
1393 2138 1782 2236 χαριζόμενον
1823 2157 1949 2221 τοῖς
1981 2142 2299 2221 Ἀθηναίος.

251 2253 342 2314 De
373 2270 490 2330 quo
521 2270 700 2313 uersu
731 2247 1102 2331 Lehrsius⁸¹)
1134 2254 1278 2329 agit.

383 2355 530 2415 Tum
569 2372 782 2416 uersus
813 2348 866 2412 B
897 2357 1016 2415 557
1052 2360 1112 2415 et
1142 2349 1265 2414 558
1306 2354 1385 2414 ab
1427 2347 1644 2434 aliisffl)
1686 2353 2035 2428 Pisistrato,
2083 2354 2300 2431 quibus

255 2456 748 2518 consentiendum
790 2457 1057 2530 uidetur,
1091 2456 1165 2517 ab
1197 2456 1333 2516 aliis
1366 2453 1566 2517 Soloni
1600 2456 2003 2534 assignantur.
2064 2455 2303 2518 Scholia

254 2577 488 2639 quoque
522 2559 874 2621 subditicios
905 2577 1120 2620 uersus
1153 2575 1291 2620 esse
1323 2564 1612 2621 annotant
1638 2560 1780 2620 hos:

357 2690 427 2756 ⁷⁸)
457 2697 492 2744 1.
517 2696 551 2744 l.
574 2711 679 2757 pag,
701 2697 987 2745 elo-317.
1072 2690 1144 2756 ¹⁶)
1168 2695 1369 2744 Lobeck.
1395 2696 1618 2756 Aglaoph.
1643 2698 1740 2744 333
1767 2685 2127 2760 ἐμπεποιῆσθαι
2151 2698 2301 2744 conie-

255 2783 332 2831 cit.
403 2775 476 2843 77)
511 2784 560 2829 in
592 2792 865 2842 programm.
899 2796 1005 2842 pag.
1042 2783 1123 2829 25.
1193 2775 1268 2843 ⁷⁸)
1300 2783 1334 2828 1.
1370 2782 1404 2828 1.
1437 2781 1471 2827 1.
1510 2796 1611 2842 pag.
1640 2782 1730 2828 90:
1768 2783 1890 2829 Aber
1924 2781 2053 2829 nicht
2075 2781 2202 2829 bloss
2227 2783 2301 2829 die

254 2867 586 2928 Interpolation
625 2862 688 2925 (v.
727 2860 848 2928 604)
885 2866 994 2925 geht
1018 2867 1100 2915 anf
1118 2868 1200 2915 ihn
1224 2867 1423 2923 zuriick,
1450 2868 1648 2914 sondern
1671 2867 1789 2914 anch
1816 2868 1912 2914 und
1933 2867 2203 2914 wesentlich
2227 2869 2302 2913 die

252 2953 417 3002 beiden
450 2950 873 3012 voraufgehenden;
911 2953 1043 3000 derin
1074 2954 1187 3012 liegt
1219 2953 1351 3000 nicht
1386 2953 1501 2999 eben
1534 2940 1616 2997 der
1636 2952 2022 3000 rationalistische
2046 2953 2186 3008 Sina,
2211 2954 2302 2999 den

253 3039 483 3087 Hermann
507 3050 666 3098 opusc.
693 3037 736 3084 11
759 3052 865 3098 pag.
893 3039 992 3084 170
1016 3039 1214 3093 fordert,
1240 3038 1442 3084 sondern
1465 3038 1513 3082 in
1545 3037 1783 3095 geistiger,
1816 3038 1908 3083 den
1930 3038 2179 3097 Mysterien
2202 3036 2301 3084 ver-

252 3125 459 3171 vandter
489 3123 806 3181 Auschauung
845 3124 958 3169 wird
1001 3123 1077 3168 die
1110 3122 1327 3182 doppelte
1361 3122 1507 3167 Natur
1539 3121 1622 3167 des
1657 3121 1909 3169 Menschen
1940 3122 2022 3168 der
2054 3121 2302 3169 sterbliehe

255 3208 388 3256 Theil
420 3209 517 3254 und
551 3209 635 3255 der
667 3206 1019 3268 unkorperliche
1060 3206 1353 3267 geschieden.
1430 3205 1599 3251 Homer
1637 3204 1783 3253 kennt
1820 3206 1928 3251 aber
1960 3207 2110 3252 weder
2142 3207 2303 3253 diesen

254 3294 510 3353 Gegensatz
534 3293 655 3340 noch
670 3294 753 3340 'die
777 3292 1039 3353 Apotheose
1064 3294 1147 3339 der
1169 3291 1373 3337 Heroen:
1409 3290 1577 3337 hievon
1600 3291 1781 3338 Franke
1804 3290 2100 3339 Richtersche
2123 3290 2303 3339 Inschr.

253 3392 300 3439 p.
328 3380 390 3427 63
405 3378 470 3435 ff„
498 3378 596 3426 483
612 3378 659 3425 ff.
732 3372 801 3436 ⁷⁹)
828 3378 990 3425 Rhein.
1017 3377 1135 3424 Mus.
1161 3376 1291 3423 XVII
1313 3391 1419 3437 pag.
1446 3377 1540 3423 501
1567 3379 1663 3423 not.
1707 3368 1777 3432 ⁸⁰)
1817 3375 1954 3423 Thes.
1983 3376 2064 3421 20.
2119 3368 2186 3433 ⁸¹)
2213 3376 2302 3422 1.1.

253 3476 358 3523 pag.
384 3465 511 3510 499:
556 3463 744 3521 ¹‚hidem
765 3465 849 3511 wir
884 3478 933 3510 es
959 3462 1099 3510 dahiu
1122 3461 1311 3521 gestellt
1332 3462 1513 3517 lusson,
1549 3461 1695 3509 durch
1718 3461 1889 3508 welche
1915 3459 2303 3522 sympathetische

255 3549 388 3597 Tinte
414 3549 519 3595 dem
542 3549 714 3596 Heroas
738 3550 821 3595 der
852 3548 1185 3608 fortgelassene
1206 3547 1323 3594 Vers
1350 3549 1431 3594 des
1455 3547 1684 3595 Hesiodus
1709 3549 1877 3594 wieder
1907 3547 2109 3593 sichtbar
2131 3548 2302 3601 warde,

252 3634 503 3681 hemerken
526 3635 609 3680 wir
630 3635 715 3681 wie
740 3633 1018 3681 bescheideu
1040 3633 1310 3681 Pisistratus
1337 3631 1419 3690 (ibi
1442 3632 1567 3679 haud
1591 3633 1725 3680 dubie
1747 3633 1865 3680 falso
1889 3633 2058 3692 legitur
2077 3632 2302 3689 Theseus)

255 3719 574 3767 entschlossen
607 3721 766 3767 seineu
791 3719 996 3766 Theseus
1032 3720 1132 3765 eine
1159 3718 1304 3765 Stelle
1336 3719 1386 3764 in
1420 3719 1501 3764 der
1529 3717 1732 3777 Odyssee
1765 3732 1823 3765 zu
1855 3718 2165 3775 verschaffen,
2204 3718 2305 3766 sich

254 3806 339 3852 mit
372 3805 523 3852 einem
559 3805 765 3864 einzigen
799 3804 943 3852 Verse
983 3804 1210 3864 begnilgte
1248 3804 1346 3850 und
1388 3818 1440 3850 so
1487 3802 1789 3861 ungeschickt
1820 3805 2066 3852 anbrachte
2080 3840 2092 3861 ,
2125 3818 2201 3851 um
2237 3827 2304 3838 —

254 3888 385 3939 nicht
420 3889 762 3938 unbescheiden
794 3890 917 3938 noch
953 3890 1097 3949 einige
1120 3889 1265 3936 Verso
1298 3891 1383 3936 mit
1413 3889 1759 3935 Heroennamen
1789 3888 2199 3945 hinzuzudichten,
2234 3904 2303 3935 wo

257 3975 381 4021 daun
421 3964 697 4032 wenigstens
735 3975 809 4021 die
832 3973 1112 4021 Unachtheit
1147 3975 1296 4021 dieses
1321 3973 1491 4020 Verses
1513 3972 1644 4019 nicht
1676 3986 1728 4019 so
1760 3986 1875 4030 ganz
1909 3973 2031 4019 offen
2053 3974 2169 4031 lege.
2188 3972 2207 3992 ⁸
2236 3994 2303 4006 -·

258 4051 326 4115 ⁸²)
366 4058 615 4118 scriptores
638 4058 847 4106 inuenies
870 4059 995 4118 apud
1018 4057 1411 4118 Sengebuschium
1433 4057 1720 4105 enumeratos
1742 4054 1775 4100 1.
1799 4055 1833 4102 1.
1857 4055 1900 4101 11
1923 4069 1971 4115 p.
1998 4056 2111 4102 109.
