2692 4334
1212 246 1303 310 31.

219 447 567 538 Κρατῆρας,
598 446 849 512 Πέπλον
875 448 979 511 καὶ
1010 448 1270 512 Δίκτυον
1283 447 1357 532 ⁵⁴)
1386 454 1800 533 composuisse
1823 474 1862 515 a
1889 454 2078 516 Suida
2098 454 2274 517 dooe-

218 575 371 620 mur.
428 555 625 616 Etiam
666 559 851 633 poeta
896 556 1104 634 epieus
1145 556 1306 616 haud
1353 557 1477 617 seio
1518 576 1593 617 an
1636 558 1845 619 haberi
1889 559 2087 637 possit
2116 558 2271 619 The-

222 653 424 721 seidos
443 652 518 735 5·”)
560 663 786 723 auctor.
846 656 995 718 Sunt
1031 658 1134 735 qui
1177 658 1365 721 fuisse
1396 658 1814 721 Heracleotam
1836 656 1948 740 ⁶⁶),
1995 665 2136 721 sunt
2175 661 2274 739 qui

222 761 604 822 Tarentinum
624 755 729 840 ⁵⁷),
783 765 924 822 suut
965 759 1223 838 denique
1253 760 1355 838 qui
1415 760 1852 841 Colophonium
1868 757 1940 840 ⁵⁸)
1977 761 2276 841 Zopyrum

225 862 444 925 dicant.
493 862 778 925 willerus
792 857 864 941 ⁵⁹)
896 869 1095 923 autem
1139 880 1272 924 eum
1316 863 1416 925 uix
1456 869 1595 925 aute
1626 862 1865 944 Olymp.
1896 864 2023 926 Lx.
2054 866 2277 927 uixisse

223 966 505 1043 opinatus
537 970 650 1027 est.

337 1067 574 1129 Tertius
626 1074 720 1129 est
748 1067 1025 1147 Orpheus
1067 1067 1478 1141 Crotoniates,
1510 1086 1686 1146 quem
1725 1069 1945 1131 Suidas
1992 1065 2278 1129 ἐποποιόν

224 1170 496 1249 appellat
524 1176 586 1230 et
613 1188 788 1248 quem
819 1171 878 1231 in
912 1188 1156 1231 numero
1187 1175 1498 1249 poetarum
1530 1169 1927 1250 Orphieorum
1950 1172 2269 1233 Pisistrato

232 1278 522 1349 regnante
574 1273 916 1335 babendum
974 1290 1110 1334 esse
1171 1272 1510 1333 arbitratur.
1580 1273 1778 1350 Atque
1842 1274 2280 1352 conscripsisse

227 1375 411 1435 fertur
426 1367 884 1460 Ἀργοναυτικά,
923 1359 1340 1457 Δεκαετηρίδα
1360 1371 1461 1433 καὶ
1479 1367 1643 1435 ἄλλα
1665 1370 1817 1435 τινά.
1854 1375 2193 1437 Lobeekius
2204 1371 2279 1456 ⁶⁰)

230 1477 468 1554 quidem
500 1478 792 1550 haesitat,
823 1484 1018 1539 utrum
1051 1476 1329 1556 Orpheus
1362 1475 1741 1538 Crotoniates
1789 1498 1853 1539 re
1884 1496 2027 1539 uera
2055 1479 2282 1540 uixisse

229 1580 307 1641 sit
328 1579 653 1658 putandus,
685 1598 758 1639 an
793 1581 949 1639 inter
979 1579 1177 1639 s‘oeios
1210 1580 1518 1641 fabulosos
1550 1580 1711 1640 illius
1742 1579 1962 1657 Orphei
1994 1581 2278 1654 fabulosi,

231 1683 326 1757 qui
360 1681 521 1760 apud
554 1680 822 1758 Odrysas
853 1681 1041 1742 fuisse
1070 1681 1355 1755 traditur,
1388 1681 1469 1743 sit
1497 1682 1869 1744 referendus.

356 1783 628 1862 Denique
682 1788 928 1860 quartus
969 1782 1311 1861 Conehylus
1364 1785 1539 1845 nobis
1591 1801 1839 1862 prorsus
1879 1784 2119 1862 ignotus
2166 1790 2277 1846 est.

241 1883 437 1961 Quid?
484 1903 699 1947 nomen
745 1886 831 1949 ita
872 1886 1264 1963 deprauatum
1309 1900 1446 1947 esse
1477 1892 1545 1946 ut
1573 1905 1777 1946 nerum
1810 1888 2071 1948 nondum
2101 1888 2280 1948 resti-
2334 1877 2340 1882 ’

241 1994 434 2050 tutum
489 2005 685 2051 nonne
725 1988 1002 2049 uidetur?
1069 1989 1162 2048 An
1221 1993 1346 2049 tres
1361 1982 1434 2066 ⁶¹)
1488 1988 1676 2049 fuisse
1720 1988 2097 2049 statuendum
2144 1990 2280 2049 est?

238 2090 388 2151 Nam
425 2108 556 2151 oum
591 2091 724 2166 quis
755 2091 942 2153 uerba
973 2090 1172 2166 legere
1206 2090 1476 2167 nequiret
1506 2109 1578 2151 ea
1608 2108 1895 2170 peruerse
1927 2091 2279 2170 interpretu-

232 2198 330 2255 tus
376 2198 659 2270 quattuor
699 2193 884 2254 fuisse
927 2192 1102 2253 facile
1145 2193 1425 2269 opinatus
1466 2198 1579 2252 est.
1636 2193 2000 2255 Ritsehelius
2041 2194 2280 2269 quidem

232 2294 602 2372 Coucbylum
644 2295 782 2357 olim
827 2312 891 2355 re
934 2312 1076 2355 uera
1104 2294 1295 2356 luisse
1324 2298 1548 2355 censet.
1619 2294 2042 2372 Bernhardyus
2073 2299 2283 2355 contra

233 2415 308 2459 ne
338 2395 555 2459 Graeci
584 2396 825 2474 quidem
857 2397 1152 2459 sermonis
1183 2398 1449 2476 speciem
1481 2397 1664 2458 ullam
1696 2415 1842 2475 prae
1872 2415 1940 2457 se
1964 2397 2117 2457 ferre
2142 2414 2281 2457 oon-

235 2499 450 2574 tendit,
486 2517 660 2576 quem
685 2499 1047 2560 Ritschelins
1062 2492 1136 2575 62)
1165 2499 1466 2560 refutauit.
1514 2499 1649 2560 ,Iam
1672 2499 2043 2560 Duentzerus
2057 2494 2128 2576 63)
2173 2501 2282 2560 mi-

233 2618 364 2661 rum
414 2602 474 2663 in
521 2590 764 2663 modum
793 2586 1156 2663 Simonidem
1191 2600 1373 2662 Ceum
1406 2602 1677 2675 coniecit,
1708 2598 2088 2681 Bergkiusffl)
2121 2600 2284 2663 Gon-

238 2704 382 2782 gyli,
412 2699 917 2782 Bernhardyns⁶⁵)
946 2703 1115 2764 Eueli
1147 2701 1382 2782 Cyprii,
1415 2704 1466 2765 si
1511 2704 1613 2766 ille
1645 2705 2094 2782 ehresmologus
2123 2710 2292 2764 aeta·

146 2844 149 2847 π
233 2807 404 2868 tibus
438 2804 806 2868 Pisistrateis
850 2806 1038 2870 fuisse
1084 2807 1267 2867 statui
1296 2807 1525 2885 possit,
1550 2806 1657 2868 sed
1692 2798 2121 2871 dubitationem
2153 2808 2285 2885 ipse

244 2915 478 2985 mouet,
529 2909 688 2987 quod
744 2907 968 2986 gentile
1011 2908 1400 2970 desideretur.
1472 2909 1544 2969 In
1590 2910 1800 2970 scholii
1839 2915 2040 2969 autem
2083 2908 2290 2967 codiee

238 3012 538 3090 Anonymi
578 3007 712 3095 περὶ
741 2995 1071 3092 κωμωδίας
1111 3012 1273 3072 iuxta
1313 3012 1501 3072 uerba
1529 3004 1953 3094 Ὀνομακρίτῳ
1985 3003 2284 3087 Ἀθηναίῳ

339 3262 406 3326 ⁸⁴)
426 3267 485 3315 ef.
508 3267 775 3330 Bernhardy
798 3266 831 3314 i.
852 3264 885 3313 1.
904 3267 936 3313 1.
957 3266 1018 3313 11.
1035 3281 1082 3327 p.
1095 3268 1188 3325 903
1211 3252 1376 3314 mricii‘
1393 3266 1428 3314 1.
1448 3265 1480 3313 1.
1501 3266 1536 3314 1.
1553 3281 1660 3328 pag.
1680 3266 1798 3313 472.
1838 3264 2040 3313 Lobeek.
2058 3264 2286 3325 Aglaoph-

237 3352 274 3400 1.
311 3367 416 3415 pag.
453 3354 569 3401 853.
616 3347 682 3411 ⁵⁸)
715 3354 900 3411 Argum
933 3352 1094 3413 Eurip.
1127 3352 1316 3413 Hippol-
1352 3366 1455 3413 psg.
1502 3352 1534 3399 4
1570 3351 1707 3398 valk.
1796 3345 1864 3410 ⁸⁶)
1909 3351 2032 3411 apud
2066 3350 2198 3398 said.
2240 3352 2288 3398 et

235 3438 384 3486 senon.
420 3438 577 3486 runt.
619 3431 687 3495 ⁵⁷)
723 3436 970 3484 sumnum
1010 3438 1093 3487 uit.
1128 3437 1266 3499 Pyth.
1300 3451 1405 3499 cap.
1442 3439 1558 3486 189.
1628 3430 1697 3494 ⁸⁸)
1733 3437 1867 3496 mog.
1889 3437 2042 3484 Lmt.
2075 3436 2135 3483 11.
2174 3437 2298 3483 101.'

238 3516 305 3582 ⁸⁹)
340 3523 644 3583 Prolegomm.
685 3537 729 3570 z.
765 3522 1100 3573 vienensem
1142 3523 1296 3585 Myth.
1334 3537 1389 3584 p.
1432 3504 1550 3571 88'4.
1639 3515 1707 3579 ⁶⁰)
1744 3521 1973 3584 Aglaoph.
2017 3522 2039 3569 1
2085 3521 2290 3582 12:868.

238 3601 307 3668 ⁶¹)
341 3609 405 3657 Et
438 3609 636 3657 coniecit
657 3607 882 3668 Bergkius
914 3608 964 3654 in
997 3607 1140 3669 praef.
1176 3610 1238 3655 ed
1258 3607 1615 3671 Aristophanem
1654 3621 1757 3668 pag.
1805 3608 1937 3656 vm:
1986 3598 2034 3652 οἱ
2076 3598 2129 3651 δὲ
2163 3598 2287 3670 τρισὶ

235 3685 322 3754 τὴν
359 3686 438 3740 ἐπὶ
473 3682 822 3758 Πεισιστράτου
859 3685 1119 3755 διόρδωσιν
1157 3683 1496 3757 ἆναφέροὲςιν,
1534 3684 1612 3739 ’0.
1650 3685 1717 3755 Κ,
1753 3685 1806 3741 Ζ.
1842 3685 1941 3755 Ἧ.,
1978 3685 2053 3737 Ὀ.
2091 3682 2183 3754 'A.,
2220 3682 2288 3745 ὡς

237 3770 584 3843 Ἀθηνόδωρος
631 3771 832 3837 ἐπίκλην
877 3770 1176 3842 Κορδυλίων.
1257 3773 1324 3838 ⁰¹²)
1363 3780 1411 3826 in
1445 3778 1673 3825 coronarii
1706 3793 1809 3838 pag,
1847 3777 1914 3824 44
2000 3769 2067 3834 ⁶³)
2103 3777 2160 3823 αθ
2195 3775 2288 3822 ΗΟ.

236 3879 362 3917 mero
386 3867 536 3926 deque
562 3867 692 3925 spico
717 3863 849 3925 cyclo
871 3874 918 3924 p.
946 3867 1028 3912 28.
1089 3857 1156 3921 ⁶⁴)
1182 3865 1239 3910 de
1266 3864 1502 3912 Prooemio
1526 3863 1817 3923 Empedoclis
1840 3877 1945 3921 pag.
1971 3864 2053 3909 80.
2101 3854 2171 3918 ⁶⁸)
2197 3861 2228 3907 l.
2255 3861 2285 3908 l.

236 3964 339 4011 pag.
380 3951 461 3997 89.
