2692 4334
1308 266 1387 329 15

327 482 469 538 sunt
522 475 1074 554 discrepantesque.
1159 473 1409 535 Wolfius
1457 475 1517 535 in
1554 473 2004 553 prolegomenis
2020 466 2067 552 ¹)
2109 471 2279 533 breui
2319 473 2384 532 in

330 583 667 658 conspectu
696 577 898 658 ponit,
931 594 1083 655 quae
1114 577 1187 638 de
1220 577 1569 655 quaestione
1604 581 1813 638 nostra
1839 575 2113 637 homines
2144 578 2282 634 ante
2314 591 2383 634 se

330 683 683 743 statuerint:

465 783 603 861 „Illi
635 783 758 843 fere
786 782 1106 844 Pisistrato
1139 782 1281 842 dare
1311 780 1625 856 uidentur,
1669 783 1784 855 ait,
1836 779 2075 842 codices
2116 777 2383 856 singula·

329 903 463 947 rum
505 885 969 964 rhapsodiarum
1002 905 1038 945 a
1064 890 1246 962 poeta
1283 883 1469 958 forte,
1511 890 1579 944 ut
1607 883 1824 946 Suidas
1855 884 2059 957 docet,
2099 883 2161 941 in
2200 882 2385 942 uariis

329 989 613 1062 urbibus,
668 1004 819 1065 quas
851 987 1112 1063 obierat,
1154 986 1398 1074 relictos
1430 987 1629 1047 dicam
1659 1003 1739 1048 an
1783 985 2239 1065 oppigneratos:
2288 984 2386 1044 his

342 1091 653 1152 codicibus
683 1090 1037 1151 instructum
1078 1089 1167 1149 illi
1207 1089 1448 1150 credere
1478 1090 1756 1150 uidentur
1787 1082 1947 1167 (nain
1978 1086 2269 1148 affirmate
2298 1087 2386 1146 lo-

334 1195 438 1271 qui
467 1211 586 1253 non
622 1193 864 1271 audent)
909 1191 1313 1253 confusionem
1346 1192 1662 1269 paullatim
1692 1210 1730 1251 a
1761 1190 2226 1252 sarcinatoribus
2259 1206 2389 1249 ear-

340 1296 572 1355 minum
597 1295 815 1355 factam
846 1295 1169 1357 sustulisse
1199 1312 1271 1354 ac
1297 1312 1420 1354 non
1462 1301 1584 1354 tam
1625 1312 1845 1356 nouum
1889 1293 2157 1354 ordinem
2188 1291 2387 1368 desig-

340 1414 546 1470 nasse,
579 1414 750 1475 quam
774 1397 1100 1477 pristinum
1126 1396 1533 1474 et‘genuinum
1554 1397 1894 1458 restituisse
1917 1430 2004 1444 --
2031 1395 2390 1472 omninoque

344 1503 575 1560 tantum
624 1499 685 1558 in
734 1501 852 1560 hoc
900 1500 1143 1577 negotio
1186 1499 1531 1578 relinquunt
1569 1499 1831 1576 homini,
1882 1499 1983 1576 qui
2028 1516 2100 1559 ex
2140 1516 2210 1559 eo
2251 1498 2387 1576 ipso

338 1602 656 1662 maximam
685 1601 908 1663 famam
938 1601 1290 1663 eruditionis
1323 1606 1679 1663 consecutus
1711 1607 1838 1676 est,
1882 1606 2169 1679 quantum
2204 1598 2386 1660 hodie

336 1704 637 1765 interdum
666 1705 1150 1782 neglegentiores
1183 1705 1509 1783 scriptores
1533 1704 1876 1782 relinquunt
1904 1721 2079 1765 curae
2102 1708 2389 1780 typogra-

262 1844 275 1855 ·
335 1803 652 1886 phorum.“
700 1806 902 1884 Ipsius
931 1825 1075 1868 uero
1095 1805 1294 1867 Wolfii
1317 1807 1623 1868 ⁴sententia
1643 1806 1794 1867 haec
1821 1811 1941 1866 ests
1971 1823 2183 1867 uocem
2203 1804 2390 1866 totius

338 1908 719 1987 antiquitatis*
758 1915 819 1969 et
868 1910 922 1970 si
989 1928 1224 1971 summa
1284 1915 1591 1988 spectetur
1643 1909 2109 1970 consentientem
2169 1906 2389 1966 famam

335 2013 578 2087 testari,
619 2011 1000 2073 Pisistratum
1031 2013 1295 2073 carmina
1323 2012 1567 2073 Homeri
1615 2006 1956 2092 ,primum‘
2000 2009 2391 2086 consignasse

335 2112 553 2175 litteris
586 2119 647 2174 et
674 2113 737 2174 in
768 2128 902 2174 eum
933 2115 1203 2175 ordinem
1233 2114 1578 2190 redegisse,
1624 2130 1741 2191 quo
1772 2131 1927 2174 nunc
1963 2112 2256 2188 legantur.
2317 2110 2394 2171 Et

341 2216 627 2290 collecta,
660 2230 778 2278 non
806 2215 1130 2277 recollecta
1158 2217 1425 2278 carmina
1455 2234 1610 2277 esse.
1670 2215 1930 2276 Dubium
1964 2219 2162 2274 autem
2193 2214 2248 2274 ei
2279 2217 2390 2289 est,

339 2323 540 2377 utrum
569 2323 805 2379 ueteres
835 2319 941 2379 uni
961 2318 1278 2381 Pisistrato
1310 2319 1630 2380 tribuerint
1652 2319 1955 2394 negotium
1982 2335 2080 2389 an,
2111 2320 2178 2376 ut
2206 2331 2392 2394 saepe

339 2419 593 2494 faciant,
637 2420 715 2481 ad
757 2438 893 2481 eum
935 2426 1241 2483 auctorem
1278 2421 1624 2494 retulerint,
1678 2420 1835 2498 quod
1878 2420 2122 2479 hortatu
2163 2418 2293 2478 eius
2334 2423 2396 2478 et

341 2523 695 2583 auctoritate
726 2523 948 2583 iactum
979 2523 1061 2584 sit
1073 2547 1089 2598 3
1136 2524 1397 2585 fortasse
1426 2523 1615 2584 fuisse
1659 2520 1898 2602 plureS,
1943 2521 2045 2599 qui
2073 2521 2392 2582 Pisistrato

340 2606 698 2684 adiutorium
726 2624 999 2686 ‘facerent
1019 2626 1209 2686 ueluti
1241 2624 1576 2704 Orpheum,
1620 2624 2064 2687 Onomacritum
2079 2670 2095 2701 ‚
2136 2623 2394 2683 Simoni*

340 2726 480 2787 dem
511 2725 725 2802 Geum,
757 2727 942 2789 Teum
972 2729 1445 2802 Anacreontem‚
1478 2745 1727 2806 quorum
1759 2743 2052 2806 quemque
2083 2726 2275 2786 uideri
2303 2722 2392 2785 illi

339 2828 419 2888 ad
450 2828 786 2890 ordinanda
815 2830 1081 2891 carmina
1105 2849 1351 2909 operam
1384 2849 1553 2892 suam
1584 2830 1963 2909 praebuisse.
2011 2828 2159 2890 Cum
2178 2825 2390 2887 Wolfio

339 2947 594 3009 prorsus
624 2931 768 2992 facit
798 2931 868 2995 G.
896 2933 1238 2996 Muellerus.
1255 2927 1302 3013 2)
1349 2933 1556 3012 Neque
1587 2917 2308 2994 dissentit'Lachmannus
2323 2922 2391 3008 3),

341 3034 445 3110 qui
493 3033 875 3095 Pisistratum
929 3036 1189 3116 primum
1243 3036 1551 3097 contendit
1607 3034 1909 3096 nonnullis
1968 3031 2391 3092 adiuuantibus

342 3136 608 3197 carmina
656 3136 763 3197 illa
814 3156 853 3198 a
902 3138 1108 3199 multis
1166 3138 1368 3217 poetis
1428 3139 1655 3215 scripta
1713 3143 1774 3197 et
1832 3135 2105 3196 cantibus
2162 3138 2393 3194 tantum

341 3237 787 3316 rhapsodorum
817 3241 1143 3301 memoriae
1174 3240 1397 3301 tradita
1428 3240 1725 3317 scriptura
1754 3241 2135 3317 persecutum
2166 3252 2303 3298 esse
2334 3241 2395 3297 et

341 3340 407 3400 in
443 3345 638 3400 totum
689 3342 1036 3418 ordinasse3
1091 3360 1267 3421 quam
1322 3342 1646 3403 editionem
1700 3336 1984 3418 (loquitur
2013 3344 2265 3411 *tantum
2317 3339 2392 3399 de

340 3436 556 3522 Iliade)
589 3443 941 3520 euulgatam
960 3446 1143 3506 unius
1179 3462 1316 3505 esse
1358 3447 1573 3521 poetae
1616 3442 1884 3504 habitam
1925 3442 2042 3517 ita,
2082 3447 2149 3502 ut
2188 3442 2264 3503 ab
2294 3440 2396 3500 Pi·

342 3545 575 3606 sistrati
603 3547 951 3608 aetateiam
982 3546 1128 3607 Ilias
1146 3591 1162 3620 ‚
1205 3563 1359 3624 quae
1390 3564 1545 3607 nunc
1575 3547 1681 3621 sit,
1725 3544 1934 3606 eadem
1965 3545 2159 3606 fuerit.
2234 3536 2392 3618 Quo·

338 3663 476 3709 rum
504 3650 866 3710 sententiam
896 3647 1169 3727 sequitur
1189 3642 1734 3728 Sengebuschius4)
1768 3646 1868 3726 qui
1900 3652 2104 3709 censet
2131 3646 2393 3726 primum

446 3813 488 3876 ¹)
524 3829 628 3878 pag.
655 3818 853 3866 CXLIV.
925 3813 967 3877 2)
1000 3820 1050 3866 in
1081 3819 1165 3866 lib.
1195 3818 1510 3877 „homerische
1536 3817 1841 3866 Vorschule‘.
1876 3819 2029 3879 Leipz.
2071 3818 2201 3865 1824
2237 3821 2284 3865 et
2308 3818 2390 3864 36.

341 3892 382 3963 ⁸)
427 3904 826 3963 ¹,Betrachtungen
851 3903 965 3951 iiber
989 3906 1062 3951 die
1087 3903 1223 3951 Ilias‘
1252 3919 1358 3965 pag.
1397 3906 1456 3950 31
1495 3907 1542 3950 et
1576 3905 1657 3951 34.
1718 3900 1759 3962 ⁴)
1797 3906 1845 3950 in
1878 3904 2195 3950 dissertatione
2227 3894 2391 3949 Hom'e-

338 3986 436 4037 rica
466 3991 722 4051 posteriore
763 4000 868 4050 pag.
905 3991 968 4037 27
990 4002 1118 4050 seqq.
1132 4023 1144 4045 ,
1191 4003 1328 4051 quam
1360 3990 1567 4036 inuenies
1607 3989 1903 4049 praemissam
1943 3987 2170 4034 Dindorfii
2201 3987 2392 4033 editioni

339 4072 528 4123 Hoerim
553 4075 806 4136 Odysseae.
855 4075 982 4136 Lips.
1009 4075 1160 4122 1856.
