2692 4334
1305 266 1387 329 36

526 469 673 544 Αἴας
703 455 831 532 δ’ἐκ
858 465 1203 558 Σαλαμῖνος
1233 477 1381 561 ἄγεν
1413 456 1782 533 δυοκαίδεκα
1812 479 1972 546 νῆας.

526 580 710 641 στῆσε
743 557 984 660 δ’ᾰγων,
1014 569 1084 634 ἵν’
1115 569 1444 644 Ἀθηναίων
1474 573 1720 636 ἵσταντο
1755 570 2082 664 φάλαγγες.

449 678 680 739 Deinde
711 679 786 739 de
817 697 994 739 uersu
1027 673 1078 738 B
1111 682 1263 740 573:

629 779 685 839 οἱ
719 774 775 837 θ’
804 773 1142 866 Υπερησίην
1182 799 1252 839 τε
1297 777 1400 840 καὶ
1440 775 1687 849 άπεινῆν
1727 775 2064 843 Γονόεσσαν

323 883 536 946 scribit
562 878 1010 961 Pausanias⁸³):
1048 878 1319 970 Αἰγείρας
1352 867 1420 944 δὲ
1452 879 1512 942 ἐν
1541 887 1630 962 τῷ
1663 869 1892 967 μεταξὺ
1924 881 2025 944 καὶ
2051 878 2381 957 Πελλήνης

322 983 592 1070 πόλισμα
625 980 891 1054 ὑπήκοον
921 979 1267 1044 Σικυωνίων
1300 980 1575 1044 Δονοῢσα
1604 982 1952 1071 καλουμένη
1983 982 2222 1072 ἐγένετο
2264 982 2378 1072 μὲν

324 1083 439 1149 ὑπὸ
469 1093 592 1146 τῶν
614 1080 953 1148 Σικυωνίων
976 1081 1339 1159 ἀνάστατος·
1372 1084 1760 1172 μνημονεύειν
1787 1073 1854 1148 δὲ
1884 1085 1988 1147 καὶ
2006 1079 2287 1174 ’Όμηρον
2313 1086 2381 1148 ἐν

326 1187 656 1278 καταλόγῳ
671 1196 793 1250 τῶν
816 1187 920 1250 σὺν
935 1182 1321 1277 Ἀγαμέμνονι
1338 1208 1515 1275 φασιν
1535 1188 1721 1262 αὐτῆς
1737 1185 2075 1259 ποιήσαντα
2091 1193 2256 1262 ἔπος·
2279 1192 2382 1268 „oi

327 1288 383 1353 θ’
394 1285 745 1378 Ὑπερησίην
759 1311 831 1353 τε
846 1289 948 1351 καὶ
965 1288 1210 1360 άπεινῆν
1225 1287 1603 1352 Δονόεσσαν“
1625 1286 2066 1376 Πεισίστρατον
2090 1278 2178 1370 δὲ,
2197 1289 2382 1362 ἡνίκα

329 1392 443 1463 ἔπη
486 1391 568 1455 τοὶ
597 1389 870 1481 Ὀμήρου
913 1381 1319 1480 διεσπασμένα
1358 1413 1428 1453 τε
1468 1391 1578 1454 παὶ
1620 1388 1782 1455 ἄλλα
1824 1393 2097 1482 ἀλλαχοῦ
2144 1414 2381 1482 μνημο-

328 1493 620 1583 νευόμενα
647 1487 986 1584 ἠθροίζετο,
1015 1490 1055 1565 ἢ
1081 1493 1264 1558 αὐτὸν
1288 1491 1725 1581 Πεισίστρατον
1746 1490 1786 1565 ἢ
1810 1503 1935 1557 τῶν
1956 1516 2094 1559 τινα
2125 1494 2380 1582 ἑταίρων

330 1605 733 1686 μεταποιῆσαι
760 1595 834 1659 τὰ
865 1595 1056 1685 ὄνομα
1087 1595 1202 1659 ὑπὸ
1235 1595 1498 1687 ἀγνοίας.
1544 1599 1633 1661 Ae
1656 1600 1998 1663 Nitzschius
2012 1595 2082 1678 84)
2115 1619 2246 1661 eum
2271 1601 2376 1662 alii

329 1704 465 1763 aliis
516 1703 746 1763 artibus
800 1703 1027 1781 patriae
1078 1721 1292 1764 nomen
1349 1705 1410 1763 in
1455 1702 1730 1779 catalogo
1783 1720 1887 1764 cur
1937 1703 2381 1765 desideraretur

331 1822 487 1866 nune
533 1810 884 1866 excusarent
923 1823 1079 1866 nune
1119 1805 1260 1867 olim
1304 1810 1608 1886 repertum
1663 1805 1960 1883 quomodo
2001 1805 2378 1885 disparuisse

329 1909 893 1987 interpretarentur,
924 1908 1063 1969 illos
1092 1925 1327 1987 quoque
1352 1907 1574 1987 aliquid
1609 1925 1825 1968 causae
1855 1908 2131 1969 attulisse
2163 1909 2378 1969 mirum

331 2029 449 2073 non
484 2028 620 2072 esse
651 2016 875 2073 censet.
923 2009 1042 2071 Sed
1065 2014 1225 2071 reete
1249 2010 1533 2074 Lehrsius
1547 2004 1646 2091 8·”);
1678 2010 1898 2075 Diesen
1930 2012 2133 2087 einen,
2163 2012 2378 2090 inquit,

334 2113 851 2195 geographisohen
884 2112 1109 2174 Nameu
1151 2113 1269 2173 und
1316 2113 1428 2174 das
1459 2117 1683 2174 wusste
1722 2132 1861 2175 man
1906 2107 2049 2194 (und
2079 2116 2239 2176 wer?
2280 2116 2378 2176 bei

334 2217 562 2278 andern
602 2216 741 2276 fand
784 2214 1116 2276 Pausanias
1158 2217 1216 2276 in
1260 2215 1760 2293 altgrieehisehen
1804 2213 2203 2277 Gesohichten
2247 2218 2380 2277 eine

333 2313 605 2378 Γονοῦσα
637 2319 676 2386 ἠ
718 2312 863 2402 ὑπὲρ
893 2311 1193 2388 Σικυῶνος
1214 2318 1294 2395 ΙΙ,
1323 2322 1378 2378 4.
1406 2322 1466 2394 4,
1480 2317 1550 2380 V.
1586 2320 1677 2379 18.
1707 2316 1825 2396 2.)?
1869 2317 2028 2379 Oder
2068 2316 2383 2379 mehrere?

334 2421 475 2482 Wer
502 2420 715 2483 iemais
744 2421 805 2482 in
837 2421 950 2482 den
974 2421 1212 2485 Partien
1244 2421 1353 2482 des
1378 2420 1590 2485 Strabo
1620 2420 1727 2481 hat
1764 2420 2078 2481 verweilen
2116 2425 2382 2495 mfissen,

336 2541 427 2584 wo
470 2522 567 2583 die
606 2523 1021 2585 homerisohen
1053 2523 1444 2600 Ortsnamen‚
1487 2523 1627 2585 sehr
1666 2522 2000 2585 bezweifelt
2038 2523 2125 2585 oft
2152 2523 2272 2585 und
2307 2543 2382 2583 zu

336 2625 773 2703 Aenderungen
798 2626 1248 2705 Veranlassung
1276 2626 1534 2702 gebend‚
1567 2624 1889 2686 behandeit
1918 2626 2178 2702 werden,
2211 2642 2380 2686 muss

337 2728 467 2790 sich
491 2727 646 2788 doeh
670 2727 953 2789 wahrlieh
977 2728 1213 2805 fragen:
1240 2746 1463 2788 warum
1489 2727 1802 2806 geschieht
1835 2728 1989 2788 doch
2020 2729 2119 2789 bei
2143 2727 2380 2803 Strabo,

337 2832 469 2892 also
511 2831 606 2892 bei
649 2830 844 2892 einem
876 2828 1274 2911 Geographen
1315 2831 1435 2891 und
1466 2830 1847 2908 Philologen,
1895 2831 2072 2891 keine
2102 2831 2381 2892 Erwaeh-

339 2953 500 3011 uung
540 2934 648 2994 der
677 2930 848 2996 Art“.
911 2931 1138 3009 Quodsi
1176 2932 1506 2993 uerisimile
1545 2951 1666 2993 non
1708 2938 1828 3009 est,
1869 2934 2029 2995 huno
2072 2952 2313 2995 uersum
2345 2953 2383 2994 a

337 3037 654 3099 Pisistrato
694 3035 1118 3115 interpolatum
1149 3053 1318 3109 esse,
1363 3040 1563 3096 tamen
1594 3052 1666 3095 ex
1695 3035 1896 3096 uerbis
1924 3035 2262 3097 Pausaniae
2290 3036 2381 3096 in-

339 3140 679 3217 tellegimus
708 3144 984 3217 tempora
1013 3138 1230 3209 fuisse,
1273 3137 1491 3215 quibus
1524 3137 2019 3216 interpolationes
2062 3155 2271 3199 omnes
2304 3137 2379 3197 ad

338 3246 655 3323 tyrannum
685 3240 849 3301 illum
884 3258 1204 3319 eorumque
1235 3240 1434 3301 socios
1466 3239 1671 3300 referri
1702 3240 1981 3299 solerent.

466 3343 737 3423 Denique
767 3341 1117 3403 Eustathius
1157 3341 1218 3402 in
1261 3341 1687 3403 commentario
1718 3341 1792 3401 ad
1821 3326 1898 3401 K.
1934 3335 2100 3418 1.⁸⁶):
2142 3337 2285 3425 φασὶ
2317 3326 2383 3401 δὲ

341 3445 397 3507 οἱ
433 3441 681 3504 παλαιοὶ
721 3437 830 3510 τὴν
870 3428 1174 3526 ῥαψῳδίαν
1211 3437 1442 3511 ταύτην
1482 3435 1576 3527 ὑφ’
1606 3433 1890 3528 ’Ὀμήρου
1923 3428 2045 3522 ἰδία
2083 3437 2383 3528 τετάχθαι

342 3544 446 3608 καὶ
489 3543 573 3631 μή
614 3543 1100 3634 ὲγκαταλεγῆναι
1138 3553 1263 3617 τοῖς
1304 3541 1505 3632 μέρεσι
1544 3550 1655 3617 τῆς
1685 3530 1960 3622 Ἰλιάδος,
1994 3540 2109 3604 ὑπὸ
2142 3531 2211 3605 δὲ
2244 3539 2383 3604 Πει-

342 3644 662 3734 σιστράτου
690 3644 990 3735 τετάχθαι
1020 3649 1101 3721 εἰς
1128 3645 1240 3717 τήν
1267 3645 1517 3716 ποίησιν.

454 3891 521 3960 ⁸⁸)
549 3897 652 3944 vn.
677 3900 758 3946 26.
786 3899 836 3947 6.
908 3891 976 3958 8⁴)
1011 3899 1183 3947 melett.
1211 3898 1245 3946 1.
1271 3912 1376 3958 pag.
1402 3899 1483 3943 22.
1556 3889 1623 3954 ⁸⁶)
1659 3894 1692 3944 l.
1719 3896 1753 3944 1.
1776 3908 1881 3957 pag.
1908 3895 2023 3942 502.
2074 3886 2142 3953 ⁸⁶)
2166 3894 2229 3942 ef.
2246 3907 2386 3955 supra

342 3998 443 4046 esp.
468 3984 506 4030 Ῐ.
531 3987 627 4030 not.
654 3985 735 4031 22.
