2692 4334
1223 214 1305 280 27

230 428 660 508 Hipparchum
716 426 1080 508 imperasse,
1132 432 1205 487 -ut
1254 427 1697 489 Panathenaeis
1755 426 2020 491 carmina
2068 426 2182 501 ita,
2227 430 2301 488 ut

246 538 425 612 pater
455 531 832 605 ordinasset,
865 531 1345 592 decantarentur.

378 634 533 710 Quid
564 638 767 695 autem
795 635 1160 707 recentiores
1192 652 1263 694 ex
1294 633 1659 695 testimoniis
1689 638 1960 694 ueterum
1990 631 2298 693 concluse-

243 739 440 800 runti’⁴
469 736 1025 815 Plb'tiqufflquidem
1055 735 1215 797 idem
1245 737 1406 810 fere,
1440 737 1596 815 quod
1629 755 1772 809 nos,
1815 736 1925 796 sed
1957 735 2210 797 wolfius
2239 742 2302 796 et

246 841 350 917 qui
382 844 525 899 sunt
562 839 641 899 ab
676 838 807 900 eius
837 839 913 899 de
942 838 1205 900 Homero
1235 839 1569 915 sententia,
1600 839 1900 899 Pisistrati
1934 838 2206 898 meritum
2235 838 2302 898 in

251 942 442 1002 maius
472 940 827 1016 extulerunt,
860 959 993 1001 cum
1026 959 1160 1001 eum
1193 941 1461 1001 carmina
1484 941 1729 1003 Homeri
1753 939 2035 1023 primum
2056 958 2089 1000 e
2121 940 2300 1001 dissi·

249 1046 494 1123 patione
536 1041 760 1103 litteris
800 1041 1204 1125 comiqnasee
1244 1045 1692 1107 contenderent.
1776 1044 1844 1103 In
1898 1061 2016 1121 quo
2059 1042 2299 1104 modum

250 1147 526 1207 excessit.
611 1145 765 1206 Nam
796 1147 1070 1224 singulas
1090 1194 1097 1200 .
1116 1147 1444 1206 carminum
1486 1152 1690 1225 partes
1739 1146 1955 1207 litteris
1984 1144 2302 1205 mandatas

250 1249 437 1313 fuisse
469 1267 541 1309 ex
570 1248 801 1309 scholio
825 1248 1102 1309 Plautino
1133 1249 1355 1322 elucet,
1387 1248 1489 1308 ubi
1520 1249 1812 1326 scriptum
1842 1252 1961 1307 est:
2009 1247 2300 1325 „carptim

245 1353 419 1429 prius
449 1351 747 1411 Homerus
778 1357 841 1412 et
868 1370 990 1412 non
1014 1353 1136 1412 nisi
1169 1350 1520 1411 difficillime
1561 1347 1933 1428 legebatur-‘⁴
1995 1349 2091 1410 Ad
2121 1367 2300 1428 quem

258 1454 514 1515 errorem
548 1472 621 1515 ea
651 1454 1032 1532 potissimum
1075 1455 1374 1515 sententia
1414 1454 1596 1515 nobis
1633 1453 1938 1514 ‘deductus‘
1972 1454 2110 1513 esse
2140 1451 2302 1514 wol-

252 1557 364 1618 fius
415 1557 686 1632 uidetur,
740 1575 920 1634 quam
963 1556 1081 1617 sibi
1129 1556 1659 1617 demonstrandam
1701 1560 2129 1635 proposuerat,
2181 1573 2303 1615 non

242 1678 438 1719 »unum
475 1664 714 1737 poetam
756 1659 1023 1719 carmina
1065 1657 1383 1719 Homerica
1423 1660 1870 1738 composuisse,
1917 1658 2025 1718 sed
2075 1658 2302 1736 plures.

250 1761 401 1824 Qm
433 1767 630 1822 autem
660 1779 776 1823 nos
815 1762 968 1821 haec
1018 1762 1281 1821 carmina
1318 1762 1475 1821 inter
1515 1779 1580 1821 se
1622 1762 2004 1822 cohaerentia
2043 1766 2106 1821 et
2141 1759 2303 1823 ordi-

252 1864 397 1925 nata
426 1865 779 1937 habeamus,
811 1864 1169 1924 statuendus
1186 1864 1251 1923 -ei
1282 1870 1414 1924 erat
1440 1878 1595 1924 unus
1624 1864 1874 1941 reliquis,
1895 1865 1997 1942 qui
2020 1881 2093 1925 ea
2121 1863 2303 1925 colle-

236 1967 462 2044 gisset.
536 1967 729 2046 Atqui
781 1966 969 2026 multo
1020 1968 1165 2027 a'nte
1207 1966 1589 2027 Pisistratum
1637 1967 1700 2026 id
1753 1966 1883 2026 fieri
1924 1984 2054 2026 non·
2089 1966 2301 2044 potuit,

250 2071 535 2149 quoniam
565 2070 870 2150 prioribus
912 2069 1175 2130 saeculis
1215 2087 1391 2130 nemo
1435 2070 1560 2130 fere
1603 2069 1921 2131 scribendo
1963 2075 2160 2144 esset,
2206 2069 2303 2129 Pi-

252 2173 788 2234 sistratumautem
831 2172 895 2232 id
926 2173 1149 2233 fecisse
1180 2172 1326 2249 legit
1364 2172 1528 2251 apud
1561 2171 1942 2248 Ciceronem,
1990 2171 2084 2232 cui
2123 2171 2305 2232 fidem

252 2276 512 2336 libenter
538 2275 833 2354 praebuit.
907 2274 1026 2335 Sed
1067 2275 1227 2335 illud·
1252 2276 1502 2336 uerbum
1536 2273 1892 2353 „primum“,
1937 2275 2094 2352 quod
2136 2275 2307 2335 addit

253 2377 495 2450 Cicero,
534 2397 656 2438 non
701 2377 1021 2456 plurisest
1046 2377 1365 2452 momenti,
1395 2394 1571 2454 quam
1603 2362 1816 2439 multis*
1840 2377 1976 2437 aliis
2007 2378 2188 2450 lociS,
2229 2377 2305 2437 de

166 2482 173 2485 “
255 2497 469 2557 quare
499 2473 960 2557 Welekerusz²⁹)
1006 2479 1278 2539 Koeunte
1300 2481 1404 2540 ich
1435 2480 1566 2540 hier
1594 2480 1711 2539 alle
1742 2480 1837 2539 die
1867 2480 2163 2557 'Angaben
2193 2498 2305 2541 aus

252 2581 421 2642 alten
453 2582 719 2642 Antoren
739 2627 756 2655 ,
789 2582 974 2643 worin
1009 2582 1193 2642 durch
1223 2587 1491 2665 πρῶτος,
1537 2583 1768 2661 primus
1808 2582 1908 2643 die
1945 2582 2305 2644 Geschichte

241 2685 367 2744 .der
411 2683 737 2744 Litteratur
779 2684 896 2744 und
939 2683 1168 2758 Kunst,
1216 2685 1323 2745 der
1358 2684 1794 2745 wissenschaft
1820 2705 1879 2745 u.
1913 2703 1962 2746 s.
1993 2705 2069 2747 w.
2091 2718 2096 2725 ·
2122 2685 2305 2746 unbe-

257 2787 513 2857 stimmt,
560 2804 842 2863 ungenau
875 2787 997 2846 und
1040 2786 1237 2847 falsch
1279 2787 1654 2865 dargestellt
1677 2788 1786 2862 ist,
1834 2787 2194 2861 mittheilen,
2235 2806 2305 2848 so

260 2890 463 2953 wfirde
490 2890 630 2949 man
664 2895 936 2965 staunen,
968 2891 1079 2952 wie
1112 2909 1221 2967 gar
1249 2891 1445 2950 nicbts
1478 2890 1609 2950 dies
1640 2891 1869 2968 primus
1900 2892 2066 2951 eines
2095 2889 2305 2953 Cicero

264 2993 541 3055 bedente.
550 2989 581 3021 ‘⁴
644 2991 927 3053 Similiter
955 2987 1159 3071 alio-2⁰)
1191 2992 1322 3052 loco
1354 2992 1517 3053 dicit.
1623 3010 1630 3017 ·

386 3094 667 3173 Sequitur
709 3100 775 3154 ut
819 3112 1210 3171 quaeramuS,
1259 3094 1400 3172 quid
1434 3094 1811 3154 Pisistratum
1853 3092 2188 3173 impulerit,
2240 3099 2310 3154 ut

259 3198 527 3258 earmina
574 3195 894 3261 Homerica
952 3196 1281 3273 colligeret.
1372 3197 1445 3257 In
1494 3195 1755 3270 scholio,
1814 3196 1974 3273 quod
2034 3189 2303 3277 supra³¹)

146 3316 199 3339 ⁷—
259 3299 613 3378 scripsimus
638 3300 904 3360 carmina
925 3294 1271 3384 σύγγραφον
1297 3284 1855 3382 διαφυλλάττεσθαι
1882 3315 2016 3358 eum
2038 3298 2305 3361 uoluisse

257 3403 537 3480 legimus,
574 3401 929 3478 Quaasaoe
957 3418 1142 3462 causa
1172 3402 1311 3464 esse
1335 3402 1545 3480 potuit,
1578 3401 1934 3480 praesertim
1966 3419 2102 3462 cum
2120 3402 2304 3463 Pisis-

259 3505 514 3566 tratidae
545 3506 762 3565 artium
792 3504 1128 3566 liberalium
1155 3505 1579 3567 studiosissimi
1610 3504 1757 3564 nihil
1789 3505 2089 3584 antiquius
2118 3506 2305 3566 habe-

259 3613 421 3685 rent,
496 3626 675 3685 quam
732 3612 799 3668 ut
856 3617 1071 3686 poetae
1131 3608 1341 3689 optimi
1403 3612 1463 3669 et
1519 3607 1986 3686 praeclarissimi
2044 3608 2308 3669 carmina

363 3844 431 3907 ²⁹¹)
466 3860 540 3910 ep.
575 3849 695 3910 cycl·
722 3863 769 3909 p.
800 3849 916 3896 386.
987 3841 1055 3906 2Γ)
1091 3848 1243 3894 Klein.
1280 3848 1468 3897 schrift„
1503 3850 1524 3895 1
1553 3848 1657 3909 p'ag.
1701 3850 1795 3896 167
1818 3860 1948 3910 seqq.
2018 3842 2090 3906 ⁸¹)
2124 3862 2226 3908 cap.
2265 3848 2303 3895 Ι.

261 3947 365 3994 pag.
394 3935 473 3980 11.
922 3956 929 3958 ἡ
