2692 4334
1401 251 1484 316 30

422 460 706 540 opinatus
748 465 863 521 est.
894 482 903 493 ·
937 459 1277 520 Nitsschius
1319 464 1544 520 contras
1569 461 1630 520 in
1672 454 1946 536 libro,⁴⁶)
1991 460 2103 537 ³qui
2127 459 2482 537 ⁴inscriptus

423 568 518 622 est
552 561 968 637 „meletemata
992 560 1340 637 historiae“,
1372 568 1438 621 ut
1469 566 1668 623 cetera
1703 563 1888 623 uerba
1910 562 2287 636 omittamus,
2318 562 2485 621 inter

422 681 527 725 eos
559 663 1000 724 Onomacritum
1035 682 1169 725 esse
1197 666 1464 744 potuisse
1488 670 1690 741 negat,
1721 664 1829 731 sed
1856 664 1918 724 in
1943 668 2387 743 programmate
2400 659 2480 740 ⁴⁷)

421 773 636 845 postea
675 767 836 828 edito
880 767 1238 827 sententiam
1283 785 1418 826 eam
1459 767 1770 842 rescindit3
1814 772 1876 826 at
1920 766 2065 826 illud
2112 772 2273 827 recte
2317 765 2479 825 iudi-

420 869 582 929 cauit
611 887 803 946 neque
837 868 1201 931 Simonidem
1246 886 1440 947 neque
1469 871 1908 930 Anacreontem
1944 886 2133 946 neque
2163 865 2498 946 Lasum⁴⁸)‘

421 971 744 1049 participes
786 972 972 1032 fuisse
1016 971 1387 1033 collectionis
1416 971 1836 1046 Pisistrateae,
1871 970 1976 1033 sed
2004 970 2328 1049 Orpheum,
2360 971 2477 1039 ho,

422 1074 642 1134 minem
674 1075 885 1134 mirum
919 1079 981 1134 et
1011 1075 1253 1150 cognitu
1285 1074 1719 1135 difficillimum.

551 1210 778 1286 Quibus
822 1211 1178 1271 coniecturis
1220 1211 1400 1271 finem
1444 1211 1733 1288 imposuit
1774 1211 2063 1270 scholium
2106 1209 2475 1283 Plautinum,

424 1314 583 1391 quod
628 1314 851 1375 diserte
895 1320 1176 1391 quattuor
1217 1315 1380 1373 uiros
1410 1312 1788 1373 Pisistratum
1823 1296 2126 1373 adiuuisse
2159 1314 2341 1374 tradit
2372 1332 2475 1374 eo-

421 1433 672 1493 rumque
704 1416 945 1475 nomina
975 1416 1171 1489 addit,
1204 1433 1357 1493 quae
1399 1416 1756 1475 testimoniis
1788 1423 2001 1493 postea
2030 1415 2289 1474 inuentis
2331 1432 2476 1475 con-

420 1518 747 1578 firmantur.
846 1517 996 1577 Sunt
1052 1526 1251 1578 autem
1320 1518 1383 1578 hi
1456 1519 1599 1578 uiri:
1670 1517 2119 1592 OnomacrituS,
2179 1517 2474 1595 ZopyruS,

421 1618 731 1697 OrpheuS,
765 1617 1123 1697 Conchylus.
1188 1618 1449 1695 Quorum
1498 1621 1850 1680 notissimus
1895 1624 1989 1680 est
2030 1618 2474 1690 Onomacritus‚

420 1722 518 1798 qui
553 1721 795 1780 oracula
822 1718 1133 1799 Musaei⁴⁹y
1160 1729 1219 1782 et
1244 1730 1523 1799 poemata
1550 1722 1809 1799 Orphica
1823 1717 1893 1801 ⁵⁰)
1920 1724 2240 1798 collegisse
2265 1722 2474 1782 fertur.

422 1823 510 1883 De
545 1842 661 1901 quo
706 1824 833 1884 uiro
874 1819 1219 1900 'Ulricius⁵¹)
1253 1832 1313 1884 et
1342 1819 1793 1902 Eichhoffius’ffl)
1827 1824 2097 1901 pluribus
2129 1824 2476 1901 disputaue-

329 1996 337 2003 ,
419 1931 575 1985 runt.
623 1925 1042 1987 Onomacritus
1082 1933 1278 1987 autem
1323 1927 1588 1987 carmina
1619 1924 1879 2005 Orphica
1908 1927 2312 2004 interpolasse
2345 1934 2409 1985 et
2441 1946 2477 1987 a

420 2026 720 2088 Pisistrati
764 2028 892 2088 filio
936 2029 1112 2089 exilio
1154 2030 1441 2088 multatus
1484 2046 1620 2113 esse
1652 2028 1921 2088 traditur.
1980 2028 2109 2088 Hoc
2142 2035 2302 2089 certe
2337 2047 2473 2104 gra-

417 2130 733 2209 uissimum
778 2136 901 2203 est,
934 2126 1093 2208 quod
1125 2150 1197 2191 ex
1227 2131 1352 2213 eis,
1388 2131 1645 2213 quae·de
1677 2129 2042 2191 Onomacriti
2078 2131 2201 2191 uita
2225 2131 2472 2204 scimuS,

419 2224 774 2294 concludere
792 2226 871 2307 83)
906 2233 1075 2306 licet,
1108 2234 1324 2310 quibus
1373 2234 1494 2293 fere
1538 2234 1911 2311 temporibus
1956 2232 2220 2294 carmina
2251 2232 2471 2293 Home·

417 2336 544 2396 rica
589 2354 839 2396 recensa
891 2337 1029 2395 sint.
1088 2330 1518 2411 Herodotusw)
1577 2335 1734 2396 enim
1781 2341 1984 2394 narrat
2024 2333 2472 2396 Onomacritum

418 2439 673 2499 Athenis
701 2438 1027 2516 'depulsum
1059 2439 1135 2497 ad
1159 2437 1378 2498 Xerxis
1410 2439 1606 2497 aulam
1643 2437 1879 2497 uenisse
1911 2438 2116 2516 paullo
2144 2445 2468 2515 postquam

418 2558 670 2616 regnare
713 2541 1037 2618 coepisset.
1097 2539 1410 2600 Intersunt
1451 2530 1648 2599 autem
1687 2534 1846 2599 'inter
1886 2545 2136 2609 mortem
2170 2538 2474 2600 Pisistrati

418 2637 595 2721 (527)
627 2648 688 2702 et
717 2643 888 2718 regni
916 2643 1151 2702 initium
1179 2640 1399 2701 Xerxis
1447 2636 1622 2720 (485)
1653 2640 1793 2702 anni
1827 2644 1926 2701 42.
1986 2641 2046 2701 Si
2079 2642 2266 2718 igitur
2297 2643 2476 2719 ponis

419 2744 862 2805 Onomacritum
899 2749 978 2805 80
998 2746 1120 2804 fere
1152 2760 1343 2804 annos
1380 2751 1582 2804 natum
1610 2745 1686 2804 ad
1720 2760 1922 2820 regem
1950 2744 2284 2821 profectum
2315 2746 2476 2818 esse,

419 2864 535 2925 quo
579 2866 735 2906 anno
767 2844 1123 2906 Pisistratus
1170 2866 1202 2906 e
1245 2847 1370 2905 uita
1414 2846 1709 2918 decessit,
1741 2840 1822 2906 38
1840 2846 1962 2906 fere
2005 2840 2295 2906 annorum
2344 2838 2474 2906 fuit.

419 2949 577 3027 Ergo
634 2948 1016 3009 statuendum
1072 2949 1185 3008 erit
1234 2949 1393 3009 intra
1434 2948 1675 3009 ultimos
1718 2948 1922 3009 decem
1969 2948 2128 3008 uitae
2169 2946 2472 3009 Pisistrati

418 3070 609 3112 annos
643 3052 1054 3113 recensionem
1083 3049 1462 3112 Homericam
1494 3051 1713 3111 factam
1745 3066 1879 3112 esse
1913 3051 1949 3111 i.
1979 3069 2029 3111 e.
2064 3051 2219 3111 inter
2248 3070 2472 3111 annum

421 3156 542 3215 537
580 3160 642 3214 et
676 3155 821 3215 527.

550 3276 721 3335 Alter
764 3280 859 3334 est
889 3272 1163 3353 Zopyrus
1195 3276 1329 3359 ille,
1365 3294 1539 3352 quem
1572 3280 1810 3353 poetam
1845 3273 2166 3352 Orphicum
2200 3272 2386 3334 fuisse
2418 3280 2477 3334 et

521 3542 589 3607 ⁴⁶)
621 3548 736 3596 fasc.
771 3549 790 3594 1
835 3562 938 3609 pag.
980 3550 1093 3595 168.
1166 3541 1233 3606 ⁴⁷)
1277 3562 1382 3608 pag.
1432 3547 1513 3593 10.
1594 3539 1662 3609 Β)
1710 3546 1923 3595 Kreuser.
1978 3546 2180 3605 „homeru
2223 3544 2477 3605 voi-fragon

417 3647 523 3694 pag.
567 3630 712 3680 229!
787 3626 855 3690 ¹⁹)
891 3631 1060 3680 Herod.
1100 3633 1206 3679 vn.
1246 3634 1313 3679 6.·
1367 3626 1435 3690 ⁸⁰)
1471 3632 1670 3679 Pausan.
1703 3633 1826 3679 vm.
1861 3632 1943 3680 37.
1986 3634 2033 3679 5.
2067 3635 2114 3678 et
2147 3631 2314 3679 Snidas
2350 3646 2392 3679 s.
2427 3645 2474 3677 u.

418 3708 654 3781 Ὀρφεύς·
711 3712 936 3780 Διονύσῳ
984 3707 1248 3775 συνέθηκεν
1294 3706 1456 3780 ὄργια.
1503 3739 1567 3750 -
1606 3710 1673 3775 ⁸¹)
1717 3718 1754 3763 1.
1793 3718 1827 3763 1.
1868 3732 1972 3778 pag.
2012 3718 2130 3765 481.
2213 3709 2280 3774 θ’)
2320 3728 2473 3778 progr.

419 3796 592 3849 Elberf.
629 3802 777 3849 1840.
850 3795 916 3859 ⁵²)
954 3801 1176 3849 Similiter
1208 3802 1473 3849 Nitzschius
1496 3803 1545 3848 in
1579 3814 1730 3862 progr.
1763 3816 1868 3863 pag.
1902 3805 1951 3849 9.
2010 3801 2112 3860 Quo
2143 3805 2474 3862 programmate

417 3888 622 3934 nondum
653 3886 776 3933 lecto
800 3887 921 3933 hanc
961 3886 1263 3934 ratiunculam
1297 3888 1387 3932 iam
1422 3886 1617 3933 feceram
1653 3888 1756 3934 loco
1780 3884 1926 3935 libelli
1950 3886 2153 3944 Ritsch.,
2189 3901 2307 3947 quos
2339 3900 2475 3946 saepe

418 3972 601 4027 audaui,
628 3974 792 4028 motus,
818 3972 898 4030 qui
915 3971 1045 4020 locus
1071 3974 1143 4018 est
1164 3972 1212 4016 in
1241 3985 1349 4033 pag.
1373 3972 1457 4018 43.
