2692 4334
1239 310 1319 373 37

395 514 762 601 Nonnulli⁸⁷)
804 520 1214 585 demonstrare
1253 523 1412 582 hunc
1450 522 1670 583 librum
1710 522 1924 584 deesse
1965 504 2092 582 non'
2124 538 2308 600 posse

268 624 465 685 conati
515 628 673 685 sunt.
743 624 826 684 At
876 624 1102 703 optime
1152 624 1497 686 Nitzschius
1508 618 1582 702 ⁸⁸)
1625 624 1976 685 Doloneiam
2026 642 2308 702 progres-

269 745 401 787 sum
431 726 712 788 carminis
753 731 878 787 tam
908 726 1063 788 male
1093 733 1297 788 tenere
1329 726 1587 787 affirmat
1614 726 1884 804 adeoque
1924 727 2212 788 inutiliter
2241 744 2309 788 se

266 828 517 904 iactare,
559 835 624 889 ut
653 846 724 890 ex
754 829 1030 890 omnibus
1060 828 1269 890 Iliadis
1299 828 1572 906 partibus
1604 847 1724 891 non
1754 830 1945 890 altera
1974 829 2052 890 ad
2093 846 2308 908 suspe·
2389 840 2394 849 ·

268 931 549 992 ctandum
588 932 923 1011 promptior
962 933 1058 992 sit.
1118 920 1317 1010 Atque
1347 926 1637 1010 Ulriciiffl)
1669 932 1966 993 sententia
1998 932 2313 1010 probanda

266 1033 521 1107 uidetur,
552 1034 655 1111 qui
685 1053 757 1095 ex
787 1052 888 1109 eo,
929 1034 1089 1115 quod
1118 1034 1320 1096 nullus
1352 1039 1622 1096 ueterum
1653 1033 1907 1111 scriptor
1941 1035 2099 1095 hanc
2127 1034 2308 1095 Dolo·

267 1137 462 1198 neiam
492 1155 530 1196 a
559 1136 873 1198 Pisistrato
905 1136 1153 1211 factam,
1186 1138 1291 1198 sed
1326 1142 1646 1215 postquam
1669 1135 2002 1198 Homericis
2034 1138 2308 1199 carmini-

269 1241 380 1301 bus
410 1241 628 1300 innexa
653 1239 839 1300 allata
869 1240 966 1315 sit,
999 1258 1118 1300 non
1150 1245 1418 1317 spretam
1450 1238 1624 1313 dicit,
1664 1239 1824 1299 hunc
1853 1240 2069 1300 librum
2106 1258 2145 1299 a
2171 1240 2308 1300 rha-

266 1343 479 1421 psodis
528 1343 877 1421 plerumque
918 1343 1253 1420 neglectum
1284 1342 1666 1404 Pisistratum
1704 1341 1764 1401 in
1795 1341 2063 1404 ordinem
2104 1358 2308 1421 susce-

267 1446 433 1525 pisse
464 1444 780 1507 concludit.

392 1582 712 1644 Praeterea
750 1583 852 1644 alii
893 1602 1106 1645 uersus
1144 1584 1324 1645 ualde
1366 1584 1634 1663 suspecti
1667 1585 1796 1649 sine
1828 1583 2198 1645 dubitatione
2231 1582 2309 1643 ab

266 1685 623 1746 Atheniensi
666 1686 795 1746 ciue
834 1687 1045 1747 inserti
1085 1691 1256 1758 sunt,
1297 1704 1656 1764 quamquam
1697 1687 1773 1749 ab
1815 1688 1952 1766 ipso
1993 1686 2309 1747 Pisistrato

266 1805 641 1865 nequaquam
687 1793 940 1849 constat.
1018 1788 1170 1849 Nam
1217 1807 1427 1850 omnes
1460 1790 1728 1850 Athenas
1784 1789 2105 1851 celebrant.
2178 1787 2312 1849 Huc

266 1890 548 1966 pertinet,
595 1891 752 1967 quod
798 1891 858 1951 in
898 1891 1143 1952 Homeri
1182 1893 1337 1966 uita,
1392 1910 1545 1970 quae
1587 1891 1874 1953 Herodoti
1919 1909 2132 1953 nomen
2177 1891 2309 1961 fert,

265 1990 561 2052 Homerus
593 2011 664 2053 ex
694 1993 842 2052 Asia
867 1993 1136 2054 Athenas
1166 1996 1407 2055 uenisse
1440 1999 1500 2055 et
1528 1994 1770 2071 aliquot.
1787 2011 2001 2054 uersus
2031 1993 2090 2052 in
2122 1991 2309 2054 Athe-

267 2095 558 2155 niensium
602 2094 839 2156 laudem
881 2096 1128 2157 carmini
1169 2115 1279 2158 suo
1309 2097 1637 2159 inseruisse
1667 2101 1961 2157 narratur.
2024 2093 2191 2171 Quae
2223 2094 2308 2154 fa-

267 2196 408 2257 bula
438 2197 673 2258 etiamsi
706 2199 842 2275 ipsa
866 2198 1087 2261 ficticia
1116 2204 1228 2271 est,
1258 2204 1461 2260 tamen
1492 2198 1755 2260 ostendit
1784 2217 1822 2258 a
1849 2197 2153 2258 ueteribus
2190 2196 2310 2256 iam

266 2317 508 2373 uersus,
540 2317 692 2376 quos
734 2300 1052 2361 afferemus
1094 2300 1153 2360 in
1184 2301 1591 2379 suspicionem
1623 2317 1759 2360 esse
1791 2305 2059 2371 uocatos,
2091 2297 2198 2361 sed
2231 2297 2308 2357 ab

265 2402 340 2462 iis
382 2401 661 2462 fabellam
703 2403 900 2462 fictam
945 2420 1109 2476 esse,
1155 2403 1453 2480 quomodo
1495 2403 1556 2462 in
1598 2402 1845 2463 Iliadem
1888 2400 2042 2465 illati
2086 2404 2308 2461 essent.

267 2502 392 2564 Hos
429 2509 628 2564 autem
668 2505 726 2563 in
769 2505 1008 2564 nauium
1042 2505 1383 2581 catalogum
1424 2499 1942 2581 interposuisseffl)
1972 2502 2230 2563 traditur
2257 2494 2310 2559 B

270 2606 389 2665 546
424 2623 617 2683 seqq.:

270 2743 410 2803 546.
479 2735 572 2801 Οἳ
599 2728 650 2801 δ’
671 2735 759 2826 ἄρ’
789 2736 1033 2813 Ἀθήνας
1063 2735 1254 2829 εἶχον,
1286 2740 1634 2826 eximius-:voit
1663 2738 2047 2821 πτολίεθρον,

482 2829 672 2929 δῆμον
696 2837 1020 2931 Ἐρεχθῆος
1051 2841 1544 2931 μεγαλήτορος,“
1524 2841 1590 2906 όν
1617 2864 1740 2906 ποτ
1782 2839 1990 2912 Ἀθήνη

430 2938 688 3031 θρέψε,
722 2941 860 3018 Διὸς
890 2942 1194 3033 θυγάτηρ,
1231 2942 1375 3008 τέκε
1418 2933 1485 3007 δὲ
1518 2933 1796 3032 ζείδωρος
1840 2951 2063 3032 ἄρουρα

478 3033 613 3107 καθ’
645 3034 740 3108 δ’
721 3069 781 3109 εν
811 3043 1050 3130 Ἀθήνῃς
1090 3039 1210 3108 εἷσε
1182 3068 1263 3127 εν,
1299 3049 1379 3129 ἐῶ
1412 3047 1494 3109 ἑνὶ
1523 3047 1679 3110 πίονι
1709 3055 1860 3129 νηῷ·

271 3152 409 3212 550.
481 3147 629 3211 ἔνθα
672 3137 740 3210 δέ
782 3172 879 3237 μιν
909 3146 1175 3237 ταόροισι
1206 3147 1309 3211 καὶ
1352 3150 1598 3236 ἀρνειοῖς
1628 3146 1900 3211 ἱλάονται

479 3258 681 3338 κοῦροι
713 3246 1064 3330 Αθηναίων,
1093 3249 1607 3340 περιτελλομένων
1651 3252 1942 3314 ἐνιαυτῶν

475 3358 599 3411 τῶν
631 3349 764 3416 αὕθ’
784 3352 1079 3443 ἡγεμόνευ
1120 3353 1242 3428 υἱος
1272 3350 1526 3434 Πετῶο,
1558 3351 1904 3427 Μενεσθεύς

476 3461 566 3515 τῶ
600 3442 652 3514 δ
676 3454 744 3516 οὔ
774 3454 871 3517 πώ
899 3479 989 3530 τις
1019 3458 1222 3544 ὁμοῖος
1252 3455 1584 3543 ἐπιχθόνιος
1612 3453 1802 3545 γένετ
1825 3453 1995 3545 ἀνήρ,

477 3559 820 3644 κοσυἉῆο-αι
810 3557 1021 3633 ι’ππους
1048 3579 1118 3621 τε
1152 3558 1254 3620 καὶ
1283 3556 1491 3646 ἀνέρας
1523 3548 1904 3633 ἀσπιδιὼτας.

369 3826 434 3892 8⁷)
471 3834 648 3894 Hugius
689 3834 972 3895 „Erfindung
995 3835 1078 3883 der
1100 3832 1587 3882 Buchstahenschrift‘
1624 3849 1730 3897 pag.
1756 3837 1871 3882 103.
1940 3835 2138 3896 Langius
2169 3835 2310 3893 ‚Ver-

271 3917 381 3967 such
417 3920 491 3966 die
523 3920 762 3980 poetische
786 3919 972 3968 Einheit
1003 3921 1086 3967 der
1110 3921 1218 3968 Ilias
1256 3935 1314 3966 zu
1343 3919 1669 3971 beschreiben‘*
1705 3934 1808 3981 pag.
1844 3920 1927 3975 45.
1999 3913 2071 3983 ⁸⁸)
2113 3922 2161 3968 in
2204 3935 2307 3981 pro2

270 4017 454 4066 pramm.
477 4018 584 4064 pag.
611 4004 694 4052 24.
766 3998 831 4063 ⁸⁹)
857 4006 890 4052 1.
924 4005 957 4054 1.
986 4006 1159 4070 Lpag.
1186 4006 1283 4054 253
1316 4008 1415 4054 uot.
1450 4006 1566 4057 144.
1638 3998 1704 4064 ⁹⁰)
1729 4004 1948 4057 Lehrsius
1977 4006 2010 4054 1.
2045 4005 2078 4053 l.
2113 4021 2162 4069 p.
2186 4005 2307 4062 497.
