<?xml version="1.0" encoding="UTF-8"?>
<!DOCTYPE html PUBLIC "-//W3C//DTD XHTML 1.0 Transitional//EN"
    "http://www.w3.org/TR/xhtml1/DTD/xhtml1-transitional.dtd">
<html xmlns="http://www.w3.org/1999/xhtml" xml:lang="en" lang="en">
 <head>
  <title>
</title>
<meta http-equiv="Content-Type" content="text/html;charset=utf-8" />
  <meta name='ocr-system' content='tesseract 3.04.00' />
  <meta name='ocr-capabilities' content='ocr_page ocr_carea ocr_par ocr_line ocrx_word'/>
</head>
<body>
  <div class='ocr_page' id='page_1' title='image "./quaestionumhome00haaggoog_0023.png"; bbox 0 0 2692 4334; ppageno 0'>
   <div class='ocr_carea' id='block_1_1' title="bbox 1358 253 1438 316">
    <p class='ocr_par' dir='ltr' id='par_1_1' title="bbox 1358 253 1438 316">
     <span class='ocr_line' id='line_1_1' title="bbox 1358 253 1438 316; baseline 0 0"><span class='ocrx_word' id='word_1_1' title='bbox 1358 253 1438 316; x_wconf 86' lang='lat'>19</span> 
     </span>
    </p>
   </div>
   <div class='ocr_carea' id='block_1_2' title="bbox 1195 340 1606 351">
    <p class='ocr_par' dir='ltr' id='par_1_2' title="bbox 1195 340 1606 351">
     <span class='ocr_line' id='line_1_2' title="bbox 1195 340 1606 351; baseline 0 3983"><span class='ocrx_word' id='word_1_2' title='bbox 1195 340 1606 351; x_wconf 95' lang='lat' dir='ltr'> </span> 
     </span>
    </p>
   </div>
   <div class='ocr_carea' id='block_1_3' title="bbox 352 460 2444 3607">
    <p class='ocr_par' dir='ltr' id='par_1_3' title="bbox 352 460 2424 2789">
     <span class='ocr_line' id='line_1_3' title="bbox 355 460 2420 539; baseline 0 -16"><span class='ocrx_word' id='word_1_3' title='bbox 355 462 734 534; x_wconf 88' lang='lat' dir='ltr'>omississet,</span> <span class='ocrx_word' id='word_1_4' title='bbox 767 460 1149 522; x_wconf 79' lang='lat' dir='ltr'><strong>Pisistratum</strong></span> <span class='ocrx_word' id='word_1_5' title='bbox 1178 479 1394 523; x_wconf 87' lang='lat' dir='ltr'>reuera</span> <span class='ocrx_word' id='word_1_6' title='bbox 1421 463 1676 539; x_wconf 85' lang='lat' dir='ltr'>primum</span> <span class='ocrx_word' id='word_1_7' title='bbox 1709 463 1976 523; x_wconf 86' lang='lat' dir='ltr'>carmina</span> <span class='ocrx_word' id='word_1_8' title='bbox 2001 463 2066 522; x_wconf 92' lang='lat' dir='ltr'>in</span> <span class='ocrx_word' id='word_1_9' title='bbox 2096 480 2229 522; x_wconf 90' lang='lat' dir='ltr'>eum</span> <span class='ocrx_word' id='word_1_10' title='bbox 2261 462 2420 523; x_wconf 88' lang='lat' dir='ltr'>ordi-</span> 
     </span>
     <span class='ocr_line' id='line_1_4' title="bbox 358 563 2420 643; baseline 0 -18"><span class='ocrx_word' id='word_1_11' title='bbox 358 585 499 626; x_wconf 92' lang='lat' dir='ltr'>nem</span> <span class='ocrx_word' id='word_1_12' title='bbox 543 564 898 640; x_wconf 78' lang='lat' dir='ltr'>redegisse,</span> <span class='ocrx_word' id='word_1_13' title='bbox 943 582 1060 643; x_wconf 91' lang='lat' dir='ltr'>quo</span> <span class='ocrx_word' id='word_1_14' title='bbox 1103 583 1260 625; x_wconf 85' lang='lat' dir='ltr'>nunc</span> <span class='ocrx_word' id='word_1_15' title='bbox 1298 564 1662 641; x_wconf 89' lang='lat' dir='ltr'>legerentur.</span> <span class='ocrx_word' id='word_1_16' title='bbox 1723 563 1795 624; x_wconf 95' lang='lat' dir='ltr'>Id</span> <span class='ocrx_word' id='word_1_17' title='bbox 1841 564 2220 642; x_wconf 89' lang='lat' dir='ltr'>potissimum</span> <span class='ocrx_word' id='word_1_18' title='bbox 2251 564 2420 625; x_wconf 91' lang='lat' dir='ltr'>illum</span> 
     </span>
     <span class='ocr_line' id='line_1_5' title="bbox 355 662 2424 745; baseline -0 -16"><span class='ocrx_word' id='word_1_19' title='bbox 355 668 567 745; x_wconf 82' lang='lat' dir='ltr'>egisse</span> <span class='ocrx_word' id='word_1_20' title='bbox 585 712 601 742; x_wconf 90' lang='lat'>,</span> <span class='ocrx_word' id='word_1_21' title='bbox 660 670 729 727; x_wconf 87' lang='lat' dir='ltr'>ut</span> <span class='ocrx_word' id='word_1_22' title='bbox 774 684 1070 726; x_wconf 87' lang='lat' dir='ltr'>summam</span> <span class='ocrx_word' id='word_1_23' title='bbox 1124 667 1451 727; x_wconf 76' lang='lat' dir='ltr'><strong>carminum</strong></span> <span class='ocrx_word' id='word_1_24' title='bbox 1499 669 1882 737; x_wconf 81' lang='lat' dir='ltr'>retractaret,</span> <span class='ocrx_word' id='word_1_25' title='bbox 1928 682 2080 743; x_wconf 92' lang='lat' dir='ltr'>quae</span> <span class='ocrx_word' id='word_1_26' title='bbox 2124 662 2424 744; x_wconf 78' lang='lat' dir='ltr'>elegantia</span> 
     </span>
     <span class='ocr_line' id='line_1_6' title="bbox 356 767 2420 848; baseline 0 -19"><span class='ocrx_word' id='word_1_27' title='bbox 356 769 625 848; x_wconf 81' lang='lat' dir='ltr'>quadam</span> <span class='ocrx_word' id='word_1_28' title='bbox 673 768 1134 847; x_wconf 81' lang='lat' dir='ltr'>compositionis</span> <span class='ocrx_word' id='word_1_29' title='bbox 1176 769 1437 845; x_wconf 87' lang='lat' dir='ltr'>partium</span> <span class='ocrx_word' id='word_1_30' title='bbox 1484 767 1854 843; x_wconf 84' lang='lat' dir='ltr'>singularum</span> <span class='ocrx_word' id='word_1_31' title='bbox 1895 774 1956 827; x_wconf 89' lang='lat' dir='ltr'>et</span> <span class='ocrx_word' id='word_1_32' title='bbox 1998 767 2420 845; x_wconf 85' lang='lat' dir='ltr'>dispositionis</span> 
     </span>
     <span class='ocr_line' id='line_1_7' title="bbox 352 869 2418 948; baseline -0 -16"><span class='ocrx_word' id='word_1_33' title='bbox 352 872 769 932; x_wconf 86' lang='lat' dir='ltr'>membrorum</span> <span class='ocrx_word' id='word_1_34' title='bbox 802 870 1243 948; x_wconf 88' lang='lat' dir='ltr'>iungendornm</span> <span class='ocrx_word' id='word_1_35' title='bbox 1274 870 1631 947; x_wconf 85' lang='lat' dir='ltr'>corrigenda</span> <span class='ocrx_word' id='word_1_36' title='bbox 1659 873 1886 930; x_wconf 86' lang='lat' dir='ltr'>essent.</span> <span class='ocrx_word' id='word_1_37' title='bbox 1933 869 2049 946; x_wconf 83' lang='lat' dir='ltr'>Qui</span> <span class='ocrx_word' id='word_1_38' title='bbox 2078 870 2183 933; x_wconf 81' lang='lat' dir='ltr'>illa</span> <span class='ocrx_word' id='word_1_39' title='bbox 2210 888 2418 931; x_wconf 90' lang='lat' dir='ltr'>recen-</span> 
     </span>
     <span class='ocr_line' id='line_1_8' title="bbox 357 971 2422 1049; baseline 0 -16"><span class='ocrx_word' id='word_1_40' title='bbox 357 973 626 1045; x_wconf 88' lang='lat' dir='ltr'>suerint,</span> <span class='ocrx_word' id='word_1_41' title='bbox 659 972 909 1033; x_wconf 88' lang='lat' dir='ltr'>dubium</span> <span class='ocrx_word' id='word_1_42' title='bbox 953 991 1075 1034; x_wconf 93' lang='lat' dir='ltr'>non</span> <span class='ocrx_word' id='word_1_43' title='bbox 1120 990 1291 1046; x_wconf 88' lang='lat' dir='ltr'>esse,</span> <span class='ocrx_word' id='word_1_44' title='bbox 1322 973 1465 1049; x_wconf 92' lang='lat' dir='ltr'>quin</span> <span class='ocrx_word' id='word_1_45' title='bbox 1513 972 1703 1031; x_wconf 85' lang='lat' dir='ltr'>multa</span> <span class='ocrx_word' id='word_1_46' title='bbox 1743 989 1778 1032; x_wconf 87' lang='lat' dir='ltr'>e</span> <span class='ocrx_word' id='word_1_47' title='bbox 1808 971 2241 1034; x_wconf 86' lang='lat' dir='ltr'>diuersissimis</span> <span class='ocrx_word' id='word_1_48' title='bbox 2272 973 2422 1034; x_wconf 87' lang='lat' dir='ltr'>locis</span> 
     </span>
     <span class='ocr_line' id='line_1_9' title="bbox 360 1072 2420 1153; baseline 0 -17"><span class='ocrx_word' id='word_1_49' title='bbox 360 1075 649 1153; x_wconf 87' lang='lat' dir='ltr'>exempla</span> <span class='ocrx_word' id='word_1_50' title='bbox 675 1075 836 1135; x_wconf 88' lang='lat' dir='ltr'>inter</span> <span class='ocrx_word' id='word_1_51' title='bbox 867 1092 934 1136; x_wconf 90' lang='lat' dir='ltr'>se</span> <span class='ocrx_word' id='word_1_52' title='bbox 965 1075 1328 1136; x_wconf 84' lang='lat' dir='ltr'>contulerint</span> <span class='ocrx_word' id='word_1_53' title='bbox 1357 1080 1420 1134; x_wconf 90' lang='lat' dir='ltr'>et</span> <span class='ocrx_word' id='word_1_54' title='bbox 1440 1072 1791 1134; x_wconf 79' lang='lat' dir='ltr'>Pisistratus</span> <span class='ocrx_word' id='word_1_55' title='bbox 1822 1074 1909 1135; x_wconf 84' lang='lat' dir='ltr'>ita</span> <span class='ocrx_word' id='word_1_56' title='bbox 1934 1076 2265 1136; x_wconf 87' lang='lat' dir='ltr'>instituerit</span> <span class='ocrx_word' id='word_1_57' title='bbox 2293 1092 2420 1136; x_wconf 88' lang='lat' dir='ltr'>car·</span> 
     </span>
     <span class='ocr_line' id='line_1_10' title="bbox 357 1176 2422 1239; baseline 0 -2"><span class='ocrx_word' id='word_1_58' title='bbox 357 1180 527 1237; x_wconf 87' lang='lat' dir='ltr'>mina</span> <span class='ocrx_word' id='word_1_59' title='bbox 570 1181 638 1237; x_wconf 90' lang='lat' dir='ltr'>ut</span> <span class='ocrx_word' id='word_1_60' title='bbox 669 1177 1076 1239; x_wconf 84' lang='lat' dir='ltr'>Athenienses</span> <span class='ocrx_word' id='word_1_61' title='bbox 1114 1178 1203 1238; x_wconf 89' lang='lat' dir='ltr'>eis</span> <span class='ocrx_word' id='word_1_62' title='bbox 1244 1181 1307 1237; x_wconf 88' lang='lat' dir='ltr'>et</span> <span class='ocrx_word' id='word_1_63' title='bbox 1347 1176 1561 1237; x_wconf 89' lang='lat' dir='ltr'>diebus</span> <span class='ocrx_word' id='word_1_64' title='bbox 1590 1176 1763 1238; x_wconf 82' lang='lat' dir='ltr'>festis</span> <span class='ocrx_word' id='word_1_65' title='bbox 1804 1181 1866 1237; x_wconf 87' lang='lat' dir='ltr'>et</span> <span class='ocrx_word' id='word_1_66' title='bbox 1892 1178 1954 1237; x_wconf 91' lang='lat' dir='ltr'>in</span> <span class='ocrx_word' id='word_1_67' title='bbox 1988 1176 2211 1239; x_wconf 84' lang='lat' dir='ltr'>scholis</span> <span class='ocrx_word' id='word_1_68' title='bbox 2241 1177 2329 1239; x_wconf 89' lang='lat' dir='ltr'>uti</span> <span class='ocrx_word' id='word_1_69' title='bbox 2360 1183 2422 1238; x_wconf 91' lang='lat' dir='ltr'>et</span> 
     </span>
     <span class='ocr_line' id='line_1_11' title="bbox 361 1276 2420 1357; baseline 0 -19"><span class='ocrx_word' id='word_1_70' title='bbox 361 1280 431 1340; x_wconf 92' lang='lat' dir='ltr'>in</span> <span class='ocrx_word' id='word_1_71' title='bbox 460 1280 835 1340; x_wconf 88' lang='lat' dir='ltr'>bibliotheca</span> <span class='ocrx_word' id='word_1_72' title='bbox 864 1285 1173 1357; x_wconf 84' lang='lat' dir='ltr'>poetarum</span> <span class='ocrx_word' id='word_1_73' title='bbox 1207 1296 1281 1338; x_wconf 88' lang='lat' dir='ltr'>ea</span> <span class='ocrx_word' id='word_1_74' title='bbox 1311 1278 1615 1355; x_wconf 86' lang='lat' dir='ltr'>deponere</span> <span class='ocrx_word' id='word_1_75' title='bbox 1646 1284 1913 1353; x_wconf 84' lang='lat' dir='ltr'>possent.</span> <span class='ocrx_word' id='word_1_76' title='bbox 1961 1276 2186 1339; x_wconf 79' lang='lat' dir='ltr'>Contra</span> <span class='ocrx_word' id='word_1_77' title='bbox 2213 1277 2420 1340; x_wconf 85' lang='lat' dir='ltr'>Fried-</span> 
     </span>
     <span class='ocr_line' id='line_1_12' title="bbox 365 1376 2422 1459; baseline 0.001 -20"><span class='ocrx_word' id='word_1_78' title='bbox 365 1376 779 1459; x_wconf 75' lang='lat' dir='ltr'>laenderns¹⁸)</span> <span class='ocrx_word' id='word_1_79' title='bbox 825 1382 1209 1443; x_wconf 84' lang='lat' dir='ltr'>Pisistratum</span> <span class='ocrx_word' id='word_1_80' title='bbox 1249 1385 1434 1456; x_wconf 86' lang='lat' dir='ltr'>negat</span> <span class='ocrx_word' id='word_1_81' title='bbox 1470 1379 1577 1440; x_wconf 92' lang='lat' dir='ltr'>illo</span> <span class='ocrx_word' id='word_1_82' title='bbox 1619 1380 1871 1440; x_wconf 87' lang='lat' dir='ltr'>consilio</span> <span class='ocrx_word' id='word_1_83' title='bbox 1917 1380 1980 1440; x_wconf 91' lang='lat' dir='ltr'>id</span> <span class='ocrx_word' id='word_1_84' title='bbox 2016 1380 2270 1456; x_wconf 80' lang='lat' dir='ltr'>fecisse,</span> <span class='ocrx_word' id='word_1_85' title='bbox 2312 1381 2422 1442; x_wconf 91' lang='lat' dir='ltr'>sed</span> 
     </span>
     <span class='ocr_line' id='line_1_13' title="bbox 366 1482 2421 1560; baseline 0.001 -18"><span class='ocrx_word' id='word_1_86' title='bbox 366 1482 516 1542; x_wconf 86' lang='lat' dir='ltr'>illud</span> <span class='ocrx_word' id='word_1_87' title='bbox 550 1488 780 1544; x_wconf 87' lang='lat' dir='ltr'>tantum</span> <span class='ocrx_word' id='word_1_88' title='bbox 823 1485 890 1543; x_wconf 90' lang='lat' dir='ltr'>in</span> <span class='ocrx_word' id='word_1_89' title='bbox 917 1484 1118 1545; x_wconf 83' lang='lat' dir='ltr'>animo</span> <span class='ocrx_word' id='word_1_90' title='bbox 1148 1484 1469 1555; x_wconf 88' lang='lat' dir='ltr'>habuisse,</span> <span class='ocrx_word' id='word_1_91' title='bbox 1498 1487 1568 1542; x_wconf 86' lang='lat' dir='ltr'>ut</span> <span class='ocrx_word' id='word_1_92' title='bbox 1606 1482 1894 1559; x_wconf 86' lang='lat' dir='ltr'>splendor</span> <span class='ocrx_word' id='word_1_93' title='bbox 1920 1482 2208 1544; x_wconf 82' lang='lat' dir='ltr'>festorum</span> <span class='ocrx_word' id='word_1_94' title='bbox 2240 1502 2421 1560; x_wconf 80' lang='lat' dir='ltr'>auge·</span> 
     </span>
     <span class='ocr_line' id='line_1_14' title="bbox 359 1583 2419 1661; baseline 0 -15"><span class='ocrx_word' id='word_1_95' title='bbox 359 1590 549 1646; x_wconf 87' lang='lat' dir='ltr'>retur.</span> <span class='ocrx_word' id='word_1_96' title='bbox 596 1583 773 1661; x_wconf 87' lang='lat' dir='ltr'>Quod</span> <span class='ocrx_word' id='word_1_97' title='bbox 802 1585 1098 1658; x_wconf 83' lang='lat' dir='ltr'>noluerit,</span> <span class='ocrx_word' id='word_1_98' title='bbox 1128 1586 1189 1645; x_wconf 90' lang='lat' dir='ltr'>id</span> <span class='ocrx_word' id='word_1_99' title='bbox 1218 1591 1562 1646; x_wconf 89' lang='lat' dir='ltr'>assecutum</span> <span class='ocrx_word' id='word_1_100' title='bbox 1595 1603 1732 1646; x_wconf 89' lang='lat' dir='ltr'>esse</span> <span class='ocrx_word' id='word_1_101' title='bbox 1747 1630 1763 1657; x_wconf 92' lang='lat'>‚</span> <span class='ocrx_word' id='word_1_102' title='bbox 1810 1603 1944 1646; x_wconf 90' lang='lat' dir='ltr'>cum</span> <span class='ocrx_word' id='word_1_103' title='bbox 1975 1603 2048 1646; x_wconf 88' lang='lat' dir='ltr'>ex</span> <span class='ocrx_word' id='word_1_104' title='bbox 2077 1585 2419 1647; x_wconf 90' lang='lat' dir='ltr'>diuersissi-</span> 
     </span>
     <span class='ocr_line' id='line_1_15' title="bbox 357 1686 2422 1765; baseline 0 -18"><span class='ocrx_word' id='word_1_105' title='bbox 357 1688 480 1747; x_wconf 89' lang='lat' dir='ltr'>mis</span> <span class='ocrx_word' id='word_1_106' title='bbox 511 1692 833 1748; x_wconf 83' lang='lat' dir='ltr'>contextus</span> <span class='ocrx_word' id='word_1_107' title='bbox 862 1687 1073 1748; x_wconf 87' lang='lat' dir='ltr'>formis</span> <span class='ocrx_word' id='word_1_108' title='bbox 1091 1733 1107 1763; x_wconf 93' lang='lat'>,</span> <span class='ocrx_word' id='word_1_109' title='bbox 1137 1689 1239 1765; x_wconf 89' lang='lat' dir='ltr'>qui</span> <span class='ocrx_word' id='word_1_110' title='bbox 1281 1689 1342 1747; x_wconf 91' lang='lat' dir='ltr'>in</span> <span class='ocrx_word' id='word_1_111' title='bbox 1375 1686 1808 1763; x_wconf 75' lang='lat' dir='ltr'>rhapsodorum</span> <span class='ocrx_word' id='word_1_112' title='bbox 1841 1706 1955 1747; x_wconf 92' lang='lat' dir='ltr'>usu</span> <span class='ocrx_word' id='word_1_113' title='bbox 1986 1692 2182 1759; x_wconf 85' lang='lat' dir='ltr'>esset,</span> <span class='ocrx_word' id='word_1_114' title='bbox 2214 1689 2298 1748; x_wconf 81' lang='lat' dir='ltr'>ita</span> <span class='ocrx_word' id='word_1_115' title='bbox 2325 1706 2422 1748; x_wconf 83' lang='lat' dir='ltr'>or·</span> 
     </span>
     <span class='ocr_line' id='line_1_16' title="bbox 361 1788 2422 1868; baseline 0 -18"><span class='ocrx_word' id='word_1_116' title='bbox 361 1789 607 1850; x_wconf 88' lang='lat' dir='ltr'>dinaret</span> <span class='ocrx_word' id='word_1_117' title='bbox 636 1788 997 1861; x_wconf 85' lang='lat' dir='ltr'>Homerum,</span> <span class='ocrx_word' id='word_1_118' title='bbox 1032 1795 1099 1849; x_wconf 88' lang='lat' dir='ltr'>ut</span> <span class='ocrx_word' id='word_1_119' title='bbox 1126 1790 1274 1850; x_wconf 87' lang='lat' dir='ltr'>uiris</span> <span class='ocrx_word' id='word_1_120' title='bbox 1305 1790 1498 1850; x_wconf 87' lang='lat' dir='ltr'>doctis</span> <span class='ocrx_word' id='word_1_121' title='bbox 1540 1790 1812 1850; x_wconf 85' lang='lat' dir='ltr'>recensio</span> <span class='ocrx_word' id='word_1_122' title='bbox 1833 1790 2229 1868; x_wconf 79' lang='lat' dir='ltr'>pristinorum</span> <span class='ocrx_word' id='word_1_123' title='bbox 2261 1790 2422 1851; x_wconf 90' lang='lat' dir='ltr'>ordi-</span> 
     </span>
     <span class='ocr_line' id='line_1_17' title="bbox 358 1889 2421 1971; baseline 0 -20"><span class='ocrx_word' id='word_1_124' title='bbox 358 1911 502 1953; x_wconf 83' lang='lat' dir='ltr'>num</span> <span class='ocrx_word' id='word_1_125' title='bbox 550 1893 865 1952; x_wconf 90' lang='lat' dir='ltr'>simillima</span> <span class='ocrx_word' id='word_1_126' title='bbox 893 1893 1139 1971; x_wconf 87' lang='lat' dir='ltr'>probari</span> <span class='ocrx_word' id='word_1_127' title='bbox 1182 1896 1413 1970; x_wconf 87' lang='lat' dir='ltr'>posset.</span> <span class='ocrx_word' id='word_1_128' title='bbox 1469 1891 1737 1968; x_wconf 86' lang='lat' dir='ltr'>Denique</span> <span class='ocrx_word' id='word_1_129' title='bbox 1767 1891 2172 1954; x_wconf 81' lang='lat' dir='ltr'>Kirchhoffius</span> <span class='ocrx_word' id='word_1_130' title='bbox 2184 1889 2289 1970; x_wconf 82' lang='lat'>¹⁹),</span> <span class='ocrx_word' id='word_1_131' title='bbox 2320 1893 2421 1971; x_wconf 88' lang='lat' dir='ltr'>qui</span> 
     </span>
     <span class='ocr_line' id='line_1_18' title="bbox 357 1987 2417 2072; baseline 0 -18"><span class='ocrx_word' id='word_1_132' title='bbox 357 1995 514 2055; x_wconf 89' lang='lat' dir='ltr'>nihil</span> <span class='ocrx_word' id='word_1_133' title='bbox 567 1995 713 2054; x_wconf 90' lang='lat' dir='ltr'>noui</span> <span class='ocrx_word' id='word_1_134' title='bbox 752 1994 995 2071; x_wconf 89' lang='lat' dir='ltr'>quidem</span> <span class='ocrx_word' id='word_1_135' title='bbox 1040 1987 1353 2072; x_wconf 71' lang='lat' dir='ltr'>profert²⁰l</span> <span class='ocrx_word' id='word_1_136' title='bbox 1397 1994 1472 2053; x_wconf 92' lang='lat' dir='ltr'>de</span> <span class='ocrx_word' id='word_1_137' title='bbox 1514 1994 1745 2070; x_wconf 81' lang='lat' dir='ltr'>origine</span> <span class='ocrx_word' id='word_1_138' title='bbox 1774 1993 2084 2072; x_wconf 85' lang='lat' dir='ltr'>Odysseae</span> <span class='ocrx_word' id='word_1_139' title='bbox 2114 1995 2417 2055; x_wconf 86' lang='lat' dir='ltr'>coniciens</span> 
     </span>
     <span class='ocr_line' id='line_1_19' title="bbox 359 2095 2417 2174; baseline -0.001 -16"><span class='ocrx_word' id='word_1_140' title='bbox 359 2106 556 2159; x_wconf 83' lang='lat' dir='ltr'>ortam</span> <span class='ocrx_word' id='word_1_141' title='bbox 591 2115 729 2157; x_wconf 87' lang='lat' dir='ltr'>esse</span> <span class='ocrx_word' id='word_1_142' title='bbox 759 2115 833 2157; x_wconf 89' lang='lat' dir='ltr'>ex</span> <span class='ocrx_word' id='word_1_143' title='bbox 864 2096 1125 2174; x_wconf 87' lang='lat' dir='ltr'>simplici</span> <span class='ocrx_word' id='word_1_144' title='bbox 1155 2097 1436 2169; x_wconf 83' lang='lat' dir='ltr'>carmine,</span> <span class='ocrx_word' id='word_1_145' title='bbox 1469 2095 1627 2174; x_wconf 90' lang='lat' dir='ltr'>quod</span> <span class='ocrx_word' id='word_1_146' title='bbox 1661 2114 1783 2155; x_wconf 84' lang='lat' dir='ltr'>nen</span> <span class='ocrx_word' id='word_1_147' title='bbox 1813 2096 1941 2157; x_wconf 91' lang='lat' dir='ltr'>sine</span> <span class='ocrx_word' id='word_1_148' title='bbox 1966 2096 2219 2158; x_wconf 91' lang='lat' dir='ltr'>consilio</span> <span class='ocrx_word' id='word_1_149' title='bbox 2249 2097 2417 2174; x_wconf 88' lang='lat' dir='ltr'>paul·</span> 
     </span>
     <span class='ocr_line' id='line_1_20' title="bbox 360 2197 2422 2278; baseline -0 -18"><span class='ocrx_word' id='word_1_150' title='bbox 360 2201 535 2261; x_wconf 86' lang='lat' dir='ltr'>latim</span> <span class='ocrx_word' id='word_1_151' title='bbox 583 2199 1015 2278; x_wconf 83' lang='lat' dir='ltr'>amplificatum</span> <span class='ocrx_word' id='word_1_152' title='bbox 1062 2199 1169 2272; x_wconf 87' lang='lat' dir='ltr'>sit,</span> <span class='ocrx_word' id='word_1_153' title='bbox 1212 2198 1319 2259; x_wconf 91' lang='lat' dir='ltr'>sed</span> <span class='ocrx_word' id='word_1_154' title='bbox 1369 2216 1527 2259; x_wconf 90' lang='lat' dir='ltr'>nouo</span> <span class='ocrx_word' id='word_1_155' title='bbox 1573 2214 1645 2258; x_wconf 87' lang='lat' dir='ltr'>ac</span> <span class='ocrx_word' id='word_1_156' title='bbox 1687 2197 1977 2274; x_wconf 84' lang='lat' dir='ltr'>singulari</span> <span class='ocrx_word' id='word_1_157' title='bbox 2019 2199 2228 2271; x_wconf 90' lang='lat' dir='ltr'>modo,</span> <span class='ocrx_word' id='word_1_158' title='bbox 2271 2216 2422 2276; x_wconf 85' lang='lat' dir='ltr'>quae</span> 
     </span>
     <span class='ocr_line' id='line_1_21' title="bbox 363 2299 2422 2378; baseline -0.001 -16"><span class='ocrx_word' id='word_1_159' title='bbox 363 2302 687 2378; x_wconf 86' lang='lat' dir='ltr'>cogitauit,</span> <span class='ocrx_word' id='word_1_160' title='bbox 720 2301 976 2378; x_wconf 86' lang='lat' dir='ltr'>peregit,</span> <span class='ocrx_word' id='word_1_161' title='bbox 1009 2300 1085 2361; x_wconf 92' lang='lat' dir='ltr'>de</span> <span class='ocrx_word' id='word_1_162' title='bbox 1116 2304 1326 2362; x_wconf 86' lang='lat' dir='ltr'>nostra</span> <span class='ocrx_word' id='word_1_163' title='bbox 1356 2299 1707 2377; x_wconf 83' lang='lat' dir='ltr'>quaestione</span> <span class='ocrx_word' id='word_1_164' title='bbox 1737 2300 1823 2359; x_wconf 87' lang='lat' dir='ltr'>ita</span> <span class='ocrx_word' id='word_1_165' title='bbox 1848 2300 1975 2360; x_wconf 81' lang='lat' dir='ltr'>fere</span> <span class='ocrx_word' id='word_1_166' title='bbox 2003 2300 2247 2360; x_wconf 86' lang='lat' dir='ltr'>iudicat.</span> <span class='ocrx_word' id='word_1_167' title='bbox 2294 2299 2422 2362; x_wconf 86' lang='lat' dir='ltr'>Cir-</span> 
     </span>
     <span class='ocr_line' id='line_1_22' title="bbox 368 2401 2422 2482; baseline -0.001 -17"><span class='ocrx_word' id='word_1_168' title='bbox 368 2405 521 2465; x_wconf 77' lang='lat' dir='ltr'>citer</span> <span class='ocrx_word' id='word_1_169' title='bbox 538 2403 603 2475; x_wconf 80' lang='lat' dir='ltr'>L.</span> <span class='ocrx_word' id='word_1_170' title='bbox 626 2403 1050 2482; x_wconf 86' lang='lat' dir='ltr'>Olympiadem</span> <span class='ocrx_word' id='word_1_171' title='bbox 1068 2401 1406 2479; x_wconf 81' lang='lat' dir='ltr'>odysseam</span> <span class='ocrx_word' id='word_1_172' title='bbox 1437 2401 1646 2461; x_wconf 87' lang='lat' dir='ltr'>eadem</span> <span class='ocrx_word' id='word_1_173' title='bbox 1676 2401 1800 2461; x_wconf 81' lang='lat' dir='ltr'>fere</span> <span class='ocrx_word' id='word_1_174' title='bbox 1827 2401 2037 2476; x_wconf 80' lang='lat' dir='ltr'>forma,</span> <span class='ocrx_word' id='word_1_175' title='bbox 2067 2419 2187 2479; x_wconf 84' lang='lat' dir='ltr'>qua</span> <span class='ocrx_word' id='word_1_176' title='bbox 2215 2403 2422 2462; x_wconf 87' lang='lat' dir='ltr'>etiam-</span> 
     </span>
     <span class='ocr_line' id='line_1_23' title="bbox 364 2503 2421 2585; baseline 0 -19"><span class='ocrx_word' id='word_1_177' title='bbox 364 2524 533 2566; x_wconf 83' lang='lat' dir='ltr'>nunc</span> <span class='ocrx_word' id='word_1_178' title='bbox 547 2552 564 2578; x_wconf 96' lang='lat'>,</span> <span class='ocrx_word' id='word_1_179' title='bbox 611 2520 867 2585; x_wconf 85' lang='lat' dir='ltr'>eamque</span> <span class='ocrx_word' id='word_1_180' title='bbox 898 2505 1288 2566; x_wconf 86' lang='lat' dir='ltr'>Pisistrateae</span> <span class='ocrx_word' id='word_1_181' title='bbox 1335 2503 1706 2564; x_wconf 87' lang='lat' dir='ltr'>recensionis</span> <span class='ocrx_word' id='word_1_182' title='bbox 1735 2503 2183 2565; x_wconf 82' lang='lat' dir='ltr'>fundamentum</span> <span class='ocrx_word' id='word_1_183' title='bbox 2212 2505 2421 2567; x_wconf 84' lang='lat' dir='ltr'>fnisse.</span> 
     </span>
     <span class='ocr_line' id='line_1_24' title="bbox 360 2606 2421 2685; baseline -0.001 -15"><span class='ocrx_word' id='word_1_184' title='bbox 360 2608 672 2670; x_wconf 80' lang='lat' dir='ltr'>Pisistrati</span> <span class='ocrx_word' id='word_1_185' title='bbox 709 2625 856 2668; x_wconf 86' lang='lat' dir='ltr'>uero</span> <span class='ocrx_word' id='word_1_186' title='bbox 886 2607 1089 2668; x_wconf 79' lang='lat' dir='ltr'>socios</span> <span class='ocrx_word' id='word_1_187' title='bbox 1132 2607 1282 2671; x_wconf 88' lang='lat' dir='ltr'>nihil</span> <span class='ocrx_word' id='word_1_188' title='bbox 1311 2606 1619 2684; x_wconf 84' lang='lat' dir='ltr'>antiquius</span> <span class='ocrx_word' id='word_1_189' title='bbox 1647 2607 1932 2668; x_wconf 88' lang='lat' dir='ltr'>habuisse</span> <span class='ocrx_word' id='word_1_190' title='bbox 1951 2651 1968 2680; x_wconf 90' lang='lat'>‚</span> <span class='ocrx_word' id='word_1_191' title='bbox 1999 2625 2176 2685; x_wconf 89' lang='lat' dir='ltr'>quam</span> <span class='ocrx_word' id='word_1_192' title='bbox 2205 2612 2275 2669; x_wconf 87' lang='lat' dir='ltr'>ut</span> <span class='ocrx_word' id='word_1_193' title='bbox 2302 2609 2421 2669; x_wconf 88' lang='lat' dir='ltr'>lec-</span> 
     </span>
     <span class='ocr_line' id='line_1_25' title="bbox 358 2708 2419 2789; baseline 0 -17"><span class='ocrx_word' id='word_1_194' title='bbox 358 2711 590 2772; x_wconf 87' lang='lat' dir='ltr'>tionem</span> <span class='ocrx_word' id='word_1_195' title='bbox 621 2709 1078 2785; x_wconf 84' lang='lat' dir='ltr'>constituerent,</span> <span class='ocrx_word' id='word_1_196' title='bbox 1112 2727 1267 2787; x_wconf 84' lang='lat' dir='ltr'>qnae</span> <span class='ocrx_word' id='word_1_197' title='bbox 1295 2715 1514 2789; x_wconf 81' lang='lat' dir='ltr'>postea</span> <span class='ocrx_word' id='word_1_198' title='bbox 1541 2712 1707 2770; x_wconf 89' lang='lat' dir='ltr'>esset</span> <span class='ocrx_word' id='word_1_199' title='bbox 1734 2708 1972 2771; x_wconf 87' lang='lat' dir='ltr'>reddita</span> <span class='ocrx_word' id='word_1_200' title='bbox 2000 2710 2251 2787; x_wconf 81' lang='lat' dir='ltr'>uulgata</span> <span class='ocrx_word' id='word_1_201' title='bbox 2278 2728 2419 2772; x_wconf 89' lang='lat' dir='ltr'>eos·</span> 
     </span>
    </p>

    <p class='ocr_par' dir='ltr' id='par_1_4' title="bbox 362 2811 1784 2891">
     <span class='ocr_line' id='line_1_26' title="bbox 362 2811 1784 2891; baseline 0 -18"><span class='ocrx_word' id='word_1_202' title='bbox 362 2832 486 2891; x_wconf 88' lang='lat' dir='ltr'>que</span> <span class='ocrx_word' id='word_1_203' title='bbox 515 2830 734 2873; x_wconf 87' lang='lat' dir='ltr'>uersus</span> <span class='ocrx_word' id='word_1_204' title='bbox 765 2812 1173 2891; x_wconf 83' lang='lat' dir='ltr'>interpolasse</span> <span class='ocrx_word' id='word_1_205' title='bbox 1204 2811 1527 2874; x_wconf 91' lang='lat' dir='ltr'>nonnullos</span> <span class='ocrx_word' id='word_1_206' title='bbox 1560 2816 1784 2873; x_wconf 87' lang='lat' dir='ltr'>censet.</span> 
     </span>
    </p>

    <p class='ocr_par' dir='ltr' id='par_1_5' title="bbox 361 2878 2444 3607">
     <span class='ocr_line' id='line_1_27' title="bbox 493 2878 2421 2979; baseline -0.001 -1"><span class='ocrx_word' id='word_1_207' title='bbox 493 2915 662 2979; x_wconf 85' lang='lat' dir='ltr'>Haec</span> <span class='ocrx_word' id='word_1_208' title='bbox 706 2915 1103 2976; x_wconf 79' lang='lat' dir='ltr'>recentiorum</span> <span class='ocrx_word' id='word_1_209' title='bbox 1150 2915 1375 2975; x_wconf 85' lang='lat' dir='ltr'>iudicia</span> <span class='ocrx_word' id='word_1_210' title='bbox 1416 2913 1493 2975; x_wconf 91' lang='lat' dir='ltr'>de</span> <span class='ocrx_word' id='word_1_211' title='bbox 1532 2914 1886 2975; x_wconf 88' lang='lat' dir='ltr'>recensione</span> <span class='ocrx_word' id='word_1_212' title='bbox 1913 2878 2271 2976; x_wconf 76' lang='lat' dir='ltr'>Pisistratea</span> <span class='ocrx_word' id='word_1_213' title='bbox 2296 2933 2421 2978; x_wconf 89' lang='lat' dir='ltr'>me-</span> 
     </span>
     <span class='ocr_line' id='line_1_28' title="bbox 361 3016 2420 3096; baseline -0.001 -17"><span class='ocrx_word' id='word_1_214' title='bbox 361 3024 607 3080; x_wconf 84' lang='lat' dir='ltr'>moratu</span> <span class='ocrx_word' id='word_1_215' title='bbox 638 3018 825 3096; x_wconf 83' lang='lat' dir='ltr'>digna</span> <span class='ocrx_word' id='word_1_216' title='bbox 852 3017 1192 3088; x_wconf 85' lang='lat' dir='ltr'>habuimus,</span> <span class='ocrx_word' id='word_1_217' title='bbox 1223 3034 1260 3076; x_wconf 92' lang='lat' dir='ltr'>e</span> <span class='ocrx_word' id='word_1_218' title='bbox 1287 3017 1509 3094; x_wconf 88' lang='lat' dir='ltr'>quibus</span> <span class='ocrx_word' id='word_1_219' title='bbox 1541 3016 1682 3094; x_wconf 89' lang='lat' dir='ltr'>qnid</span> <span class='ocrx_word' id='word_1_220' title='bbox 1714 3016 1797 3076; x_wconf 88' lang='lat' dir='ltr'>sit</span> <span class='ocrx_word' id='word_1_221' title='bbox 1825 3016 1999 3076; x_wconf 87' lang='lat' dir='ltr'>nobis</span> <span class='ocrx_word' id='word_1_222' title='bbox 2024 3017 2420 3095; x_wconf 86' lang='lat' dir='ltr'>probandum,</span> 
     </span>
     <span class='ocr_line' id='line_1_29' title="bbox 362 3116 2422 3196; baseline -0.001 -14"><span class='ocrx_word' id='word_1_223' title='bbox 362 3138 527 3182; x_wconf 84' lang='lat' dir='ltr'>nunc</span> <span class='ocrx_word' id='word_1_224' title='bbox 572 3121 689 3181; x_wconf 86' lang='lat' dir='ltr'>erit</span> <span class='ocrx_word' id='word_1_225' title='bbox 715 3118 1063 3180; x_wconf 80' lang='lat' dir='ltr'>uidendum.</span> <span class='ocrx_word' id='word_1_226' title='bbox 1120 3118 1373 3179; x_wconf 73' lang='lat' dir='ltr'>Maxime</span> <span class='ocrx_word' id='word_1_227' title='bbox 1412 3122 1611 3178; x_wconf 88' lang='lat' dir='ltr'>antem</span> <span class='ocrx_word' id='word_1_228' title='bbox 1640 3116 2002 3195; x_wconf 88' lang='lat' dir='ltr'>impedimur</span> <span class='ocrx_word' id='word_1_229' title='bbox 2031 3135 2104 3178; x_wconf 89' lang='lat' dir='ltr'>ea</span> <span class='ocrx_word' id='word_1_230' title='bbox 2129 3136 2229 3194; x_wconf 91' lang='lat' dir='ltr'>re,</span> <span class='ocrx_word' id='word_1_231' title='bbox 2260 3119 2422 3196; x_wconf 87' lang='lat' dir='ltr'>quod</span> 
     </span>
     <span class='ocr_line' id='line_1_30' title="bbox 362 3217 2444 3301; baseline -0 -16"><span class='ocrx_word' id='word_1_232' title='bbox 362 3228 441 3285; x_wconf 84' lang='lat' dir='ltr'>ex&#39;</span> <span class='ocrx_word' id='word_1_233' title='bbox 493 3222 767 3284; x_wconf 82' lang='lat' dir='ltr'>fontibus</span> <span class='ocrx_word' id='word_1_234' title='bbox 819 3222 973 3301; x_wconf 87' lang='lat' dir='ltr'>ipsis</span> <span class='ocrx_word' id='word_1_235' title='bbox 1025 3224 1295 3282; x_wconf 86' lang='lat' dir='ltr'>ueterum</span> <span class='ocrx_word' id='word_1_236' title='bbox 1342 3239 1553 3299; x_wconf 88' lang='lat' dir='ltr'>parum</span> <span class='ocrx_word' id='word_1_237' title='bbox 1598 3220 1869 3298; x_wconf 86' lang='lat' dir='ltr'>haurire,</span> <span class='ocrx_word' id='word_1_238' title='bbox 1915 3220 2023 3282; x_wconf 90' lang='lat' dir='ltr'>sed</span> <span class='ocrx_word' id='word_1_239' title='bbox 2068 3217 2444 3284; x_wconf 68' lang='lat' dir='ltr'>ceniecturis&#39;</span> 
     </span>
     <span class='ocr_line' id='line_1_31' title="bbox 361 3323 2421 3405; baseline 0 -17"><span class='ocrx_word' id='word_1_240' title='bbox 361 3331 602 3388; x_wconf 68' lang='lat' dir='ltr'>tannim</span> <span class='ocrx_word' id='word_1_241' title='bbox 616 3326 867 3405; x_wconf 82' lang='lat' dir='ltr'>assequi</span> <span class='ocrx_word' id='word_1_242' title='bbox 886 3341 1229 3403; x_wconf 88' lang='lat' dir='ltr'>possumus.</span> <span class='ocrx_word' id='word_1_243' title='bbox 1276 3323 1353 3383; x_wconf 89' lang='lat' dir='ltr'>Et</span> <span class='ocrx_word' id='word_1_244' title='bbox 1376 3324 1476 3402; x_wconf 92' lang='lat' dir='ltr'>qui</span> <span class='ocrx_word' id='word_1_245' title='bbox 1502 3323 1688 3384; x_wconf 89' lang='lat' dir='ltr'>multa</span> <span class='ocrx_word' id='word_1_246' title='bbox 1702 3323 2013 3398; x_wconf 81' lang='lat' dir='ltr'>coniectat,</span> <span class='ocrx_word' id='word_1_247' title='bbox 2041 3340 2224 3402; x_wconf 83' lang='lat' dir='ltr'>saepe</span> <span class='ocrx_word' id='word_1_248' title='bbox 2243 3330 2421 3388; x_wconf 83' lang='lat' dir='ltr'>errat.</span> 
     </span>
     <span class='ocr_line' id='line_1_32' title="bbox 367 3425 2424 3505; baseline 0 -15"><span class='ocrx_word' id='word_1_249' title='bbox 367 3427 483 3490; x_wconf 87' lang='lat' dir='ltr'>Cui</span> <span class='ocrx_word' id='word_1_250' title='bbox 531 3428 723 3488; x_wconf 84' lang='lat' dir='ltr'>errori</span> <span class='ocrx_word' id='word_1_251' title='bbox 767 3442 839 3488; x_wconf 89' lang='lat' dir='ltr'>eo</span> <span class='ocrx_word' id='word_1_252' title='bbox 882 3427 1077 3503; x_wconf 81' lang='lat' dir='ltr'>magis</span> <span class='ocrx_word' id='word_1_253' title='bbox 1120 3427 1300 3499; x_wconf 81' lang='lat' dir='ltr'>uenia</span> <span class='ocrx_word' id='word_1_254' title='bbox 1343 3426 1550 3500; x_wconf 89' lang='lat' dir='ltr'>detur,</span> <span class='ocrx_word' id='word_1_255' title='bbox 1581 3426 1739 3505; x_wconf 90' lang='lat' dir='ltr'>quod</span> <span class='ocrx_word' id='word_1_256' title='bbox 1783 3425 2006 3489; x_wconf 88' lang='lat' dir='ltr'>multos</span> <span class='ocrx_word' id='word_1_257' title='bbox 2050 3433 2112 3488; x_wconf 90' lang='lat' dir='ltr'>et</span> <span class='ocrx_word' id='word_1_258' title='bbox 2146 3428 2424 3490; x_wconf 89' lang='lat' dir='ltr'>doctissi-</span> 
     </span>
     <span class='ocr_line' id='line_1_33' title="bbox 362 3528 1937 3607; baseline -0.001 -17"><span class='ocrx_word' id='word_1_259' title='bbox 362 3531 703 3593; x_wconf 83' lang='lat' dir='ltr'>mos&#39;uiros</span> <span class='ocrx_word' id='word_1_260' title='bbox 730 3534 861 3591; x_wconf 86' lang='lat' dir='ltr'>tota</span> <span class='ocrx_word' id='word_1_261' title='bbox 886 3530 1004 3589; x_wconf 88' lang='lat' dir='ltr'>hac</span> <span class='ocrx_word' id='word_1_262' title='bbox 1032 3528 1388 3607; x_wconf 86' lang='lat' dir='ltr'>quaestione</span> <span class='ocrx_word' id='word_1_263' title='bbox 1415 3546 1652 3590; x_wconf 87' lang='lat' dir='ltr'>errasse</span> <span class='ocrx_word' id='word_1_264' title='bbox 1679 3533 1937 3590; x_wconf 85' lang='lat' dir='ltr'>constat.</span> 
     </span>
    </p>
   </div>
   <div class='ocr_carea' id='block_1_4' title="bbox 368 3630 786 3641">
    <p class='ocr_par' dir='ltr' id='par_1_6' title="bbox 368 3630 786 3641">
     <span class='ocr_line' id='line_1_34' title="bbox 368 3630 786 3641; baseline 0 693"><span class='ocrx_word' id='word_1_265' title='bbox 368 3630 786 3641; x_wconf 95' lang='lat' dir='ltr'> </span> 
     </span>
    </p>
   </div>
   <div class='ocr_carea' id='block_1_5' title="bbox 363 3677 2425 4001">
    <p class='ocr_par' dir='ltr' id='par_1_7' title="bbox 363 3677 2425 4001">
     <span class='ocr_line' id='line_1_35' title="bbox 476 3677 2425 3747; baseline 0.003 -17"><span class='ocrx_word' id='word_1_266' title='bbox 476 3677 542 3743; x_wconf 83' lang='lat'>¹⁸)</span> <span class='ocrx_word' id='word_1_267' title='bbox 580 3684 655 3730; x_wconf 85' lang='lat' dir='ltr'>die</span> <span class='ocrx_word' id='word_1_268' title='bbox 688 3682 976 3730; x_wconf 82' lang='lat' dir='ltr'>homerische</span> <span class='ocrx_word' id='word_1_269' title='bbox 1010 3680 1161 3729; x_wconf 81' lang='lat' dir='ltr'>Kritik</span> <span class='ocrx_word' id='word_1_270' title='bbox 1204 3696 1294 3729; x_wconf 78' lang='lat' dir='ltr'>von</span> <span class='ocrx_word' id='word_1_271' title='bbox 1329 3683 1461 3729; x_wconf 79' lang='lat' dir='ltr'>Wolf</span> <span class='ocrx_word' id='word_1_272' title='bbox 1491 3682 1562 3730; x_wconf 86' lang='lat' dir='ltr'>bis</span> <span class='ocrx_word' id='word_1_273' title='bbox 1599 3683 1752 3730; x_wconf 84' lang='lat' dir='ltr'>Grote.</span> <span class='ocrx_word' id='word_1_274' title='bbox 1810 3683 1965 3731; x_wconf 84' lang='lat' dir='ltr'>Berol.</span> <span class='ocrx_word' id='word_1_275' title='bbox 2001 3686 2152 3733; x_wconf 79' lang='lat'><strong>1853.</strong></span> <span class='ocrx_word' id='word_1_276' title='bbox 2250 3680 2314 3747; x_wconf 74' lang='lat'>¹⁹)</span> <span class='ocrx_word' id='word_1_277' title='bbox 2350 3686 2425 3735; x_wconf 80' lang='lat' dir='ltr'>die</span> 
     </span>
     <span class='ocr_line' id='line_1_36' title="bbox 365 3763 2425 3831; baseline 0.002 -14"><span class='ocrx_word' id='word_1_278' title='bbox 365 3768 657 3819; x_wconf 83' lang='lat' dir='ltr'>homerische</span> <span class='ocrx_word' id='word_1_279' title='bbox 681 3767 890 3829; x_wconf 83' lang='lat' dir='ltr'>Odyssee</span> <span class='ocrx_word' id='word_1_280' title='bbox 914 3767 1011 3815; x_wconf 84' lang='lat' dir='ltr'>und</span> <span class='ocrx_word' id='word_1_281' title='bbox 1041 3767 1140 3816; x_wconf 84' lang='lat' dir='ltr'>ihre</span> <span class='ocrx_word' id='word_1_282' title='bbox 1163 3767 1466 3828; x_wconf 78' lang='lat' dir='ltr'>Entstehung.</span> <span class='ocrx_word' id='word_1_283' title='bbox 1534 3769 1686 3816; x_wconf 84' lang='lat' dir='ltr'>Berol.</span> <span class='ocrx_word' id='word_1_284' title='bbox 1722 3769 1854 3817; x_wconf 81' lang='grc'><strong>1859</strong></span> <span class='ocrx_word' id='word_1_285' title='bbox 1888 3783 1995 3831; x_wconf 74' lang='lat' dir='ltr'>pag.</span> <span class='ocrx_word' id='word_1_286' title='bbox 2030 3772 2112 3818; x_wconf 74' lang='lat'>13.</span> <span class='ocrx_word' id='word_1_287' title='bbox 2207 3763 2275 3830; x_wconf 78' lang='lat'>²⁰)</span> <span class='ocrx_word' id='word_1_288' title='bbox 2309 3772 2425 3821; x_wconf 71' lang='lat' dir='ltr'>Har·</span> 
     </span>
     <span class='ocr_line' id='line_1_37' title="bbox 363 3852 2423 3914; baseline 0.001 -11"><span class='ocrx_word' id='word_1_289' title='bbox 363 3856 459 3903; x_wconf 83' lang='lat' dir='ltr'>tel:</span> <span class='ocrx_word' id='word_1_290' title='bbox 505 3852 891 3913; x_wconf 77' lang='lat' dir='ltr'>‚Untersnchnng</span> <span class='ocrx_word' id='word_1_291' title='bbox 914 3853 1027 3900; x_wconf 79' lang='lat' dir='ltr'>iiber</span> <span class='ocrx_word' id='word_1_292' title='bbox 1049 3853 1123 3900; x_wconf 87' lang='lat' dir='ltr'>die</span> <span class='ocrx_word' id='word_1_293' title='bbox 1146 3853 1438 3913; x_wconf 83' lang='lat' dir='ltr'>Entstehung</span> <span class='ocrx_word' id='word_1_294' title='bbox 1460 3853 1542 3901; x_wconf 86' lang='lat' dir='ltr'>der</span> <span class='ocrx_word' id='word_1_295' title='bbox 1560 3852 1811 3914; x_wconf 82' lang='lat' dir='ltr'>Odyssee,‘</span> <span class='ocrx_word' id='word_1_296' title='bbox 1841 3855 1889 3900; x_wconf 87' lang='lat' dir='ltr'>in</span> <span class='ocrx_word' id='word_1_297' title='bbox 1912 3854 1961 3901; x_wconf 85' lang='lat' dir='ltr'>d.</span> <span class='ocrx_word' id='word_1_298' title='bbox 1981 3854 2180 3902; x_wconf 82' lang='lat' dir='ltr'>zeitsch.</span> <span class='ocrx_word' id='word_1_299' title='bbox 2204 3855 2280 3902; x_wconf 72' lang='lat' dir='ltr'>fiir</span> <span class='ocrx_word' id='word_1_300' title='bbox 2302 3861 2423 3906; x_wconf 70' lang='lat' dir='ltr'>oest-</span> 
     </span>
     <span class='ocr_line' id='line_1_38' title="bbox 368 3928 2124 4001; baseline -0.002 -15"><span class='ocrx_word' id='word_1_301' title='bbox 368 3940 518 3990; x_wconf 82' lang='lat' dir='ltr'>reich.</span> <span class='ocrx_word' id='word_1_302' title='bbox 544 3940 767 4001; x_wconf 71' lang='lat' dir='ltr'>Gymnas.</span> <span class='ocrx_word' id='word_1_303' title='bbox 789 3938 890 3987; x_wconf 79' lang='lat' dir='ltr'>XV.</span> <span class='ocrx_word' id='word_1_304' title='bbox 914 3938 1020 3987; x_wconf 81' lang='lat' dir='ltr'>vn.</span> <span class='ocrx_word' id='word_1_305' title='bbox 1041 3952 1148 4000; x_wconf 74' lang='lat' dir='ltr'>pag.</span> <span class='ocrx_word' id='word_1_306' title='bbox 1172 3938 1270 3985; x_wconf 78' lang='lat'>473</span> <span class='ocrx_word' id='word_1_307' title='bbox 1310 3936 1501 3995; x_wconf 73' lang='lat'>(1864).</span> <span class='ocrx_word' id='word_1_308' title='bbox 2115 3928 2124 3935; x_wconf 75' lang='grc'><em>’</em></span> 
     </span>
    </p>
   </div>
   <div class='ocr_carea' id='block_1_6' title="bbox 1190 4052 1597 4064">
    <p class='ocr_par' dir='ltr' id='par_1_8' title="bbox 1190 4052 1597 4064">
     <span class='ocr_line' id='line_1_39' title="bbox 1190 4052 1597 4064; baseline 0 270"><span class='ocrx_word' id='word_1_309' title='bbox 1190 4052 1597 4064; x_wconf 95' lang='lat' dir='ltr'> </span> 
     </span>
    </p>
   </div>
  </div>
 </body>
</html>
