2692 4334
1401 246 1485 310 28

430 457 776 520 ordinarent
802 460 866 519 et
893 461 1270 536 posterorum
1298 456 1622 518 memoriae
1652 456 1974 520 traderent.
2045 458 2119 520 Id
2159 475 2233 521 eo
2278 460 2490 537 mag-is

427 561 803 642 probandum
847 560 1022 622 nobis
1062 560 1205 633 erit,
1251 559 1413 638 quod
1459 565 1521 622 et
1547 559 1932 623 Pisistratum
1974 562 2154 623 etiam
2192 561 2315 622 alia
2341 579 2488 623 car·-

427 665 590 725 mina
641 664 844 742 colligi
894 664 1148 726 iussisse
1191 663 1378 725 ueluti
1423 682 1533 744 per
1571 663 1898 744 Cecropem
1918 659 1992 745 ³²)
2035 665 2294 728 Hesiodi·
2330 683 2487 742 poe-

424 772 619 840 mata,
671 770 733 828 et
783 766 1003 828 multos
1050 771 1262 846 poetas
1303 768 1368 827 in
1407 767 1549 828 aula
1575 766 1875 829 Pisistrati
1914 772 2096 847 atque
2124 766 2487 845 Hipparchi,

427 870 529 949 qui
555 870 671 931 hac
699 869 762 930 in
793 887 854 930 re
884 886 1200 932 successor
1228 875 1403 948 patre
1433 869 1651 948 dignus
1676 876 1824 946 erat,
1854 875 2129 932 uersatos
2156 886 2293 931 esse
2322 868 2483 946 legi·

425 991 579 1034 mus.
634 971 714 1033 Ut
742 972 926 1050 igItur
953 971 1176 1034 cultum
1206 976 1387 1052 atque
1415 973 1869 1049 humanitatem,
1902 973 2134 1052 poesim
2167 978 2347 1051 atque
2376 971 2484 1033 lit-

425 1081 589 1137 teras
601 1069 670 1153 ³³)
712 1075 903 1137 aleret
942 1092 1076 1136 cum
1107 1093 1354 1153 operam
1384 1094 1565 1154 quam
1602 1075 1917 1136 mximam
1960 1074 2161 1149 daret,
2203 1072 2306 1154 qui
2344 1073 2486 1136 fieri

426 1179 655 1257 potuit,
696 1184 762 1239 ut
787 1177 1086 1241 Homerus
1130 1196 1270 1239 eum
1308 1178 1636 1255 effugeret?
1695 1178 1792 1240 Ad
1830 1179 2096 1241 carmina
2135 1177 2319 1255 igitur
2348 1176 2483 1239 Ho-

427 1281 652 1342 merica
679 1286 741 1343 et
780 1281 1012 1343 ciuibus
1050 1285 1113 1342 et
1153 1281 1415 1360 posteris
1455 1281 1751 1342 tradenda
1787 1281 2085 1361 dispersis
2127 1279 2483 1360 rhapsodiis

425 1383 694 1446 collectis
726 1383 1045 1446 editionem
1070 1383 1150 1444 ad
1182 1384 1504 1461 legendum
1528 1383 1903 1445 commodam
1931 1388 2112 1463 atque
2133 1386 2483 1445 accuratam

426 1486 683 1564 parauit.
743 1484 993 1547 Accedit
1017 1485 1125 1547 illa
1153 1504 1392 1566 quoque
1421 1504 1606 1548 musa
1621 1531 1638 1561 ‚
1682 1487 1843 1565 quod
1873 1485 2229 1548 Pisistratus
2259 1484 2480 1548 biblio-

425 1588 663 1650 thecam
680 1582 752 1665 ³4)
781 1588 1212 1650 Atheniensem
1239 1588 1531 1663 instituit,
1573 1606 1707 1650 cum
1738 1589 1966 1667 primus
1997 1589 2217 1662 libroS‚
2261 1587 2366 1668 qui
2395 1586 2479 1648 ad

428 1691 784 1770 disciplinas
824 1691 1048 1753 liberas
1090 1691 1422 1772 pertinent,
1474 1691 1710 1770 publice
1737 1690 1995 1753 Athenis
2036 1690 2112 1752 ad
2153 1689 2478 1768 legendum

429 1794 805 1874 praebendos
846 1811 1090 1856 curasse
1132 1794 1385 1856 dicatur.
1454 1794 1653 1873 Atque
1698 1793 1899 1855 uerbis
1940 1793 2092 1855 satis
2136 1792 2477 1871 perspicuis

428 1897 752 1958 scholiasta
780 1895 1092 1958 Plautinus
1122 1896 1219 1958 his
1252 1914 1429 1972 „nam
1462 1897 1712 1975 carptim
1757 1896 1927 1976 prius
1967 1900 2029 1956 et
2057 1912 2177 1955 non
2209 1895 2328 1956 nisi
2360 1893 2475 1959 dif-

425 1999 687 2062 ficillime
740 1996 1129 2079 legebantur“
1187 1999 1598 2061 collectionem
1636 1998 1897 2061 Homero
1954 1998 2032 2059 ad
2077 1997 2476 2060 bibliothecae

426 2102 756 2181 explendae
787 2101 1050 2164 studium
1089 2101 1289 2162 refert.
1363 2100 1535 2163 Alios
1576 2107 1777 2164 autem
1817 2120 1889 2165 ac
1936 2104 2248 2181 poetarum
2285 2099 2475 2164 libros

427 2205 712 2283 colligere
742 2206 839 2267 uix
870 2205 1084 2286 potuit.
1137 2203 1256 2266 Sed
1288 2209 1356 2265 ut
1385 2204 1658 2283 exempla
1687 2204 1984 2266 conferret
2008 2223 2189 2284 quam
2219 2203 2479 2281 plurima

426 2308 504 2370 de
544 2309 848 2387 emptione
889 2308 1156 2385 cogitare
1195 2326 1316 2368 non
1355 2306 1553 2383 licuit,
1607 2325 1740 2368 eum
1783 2307 1944 2369 haud
1985 2306 2075 2367 ita
2122 2305 2296 2367 multi
2336 2305 2477 2368 libri

427 2417 553 2472 tum
583 2411 873 2490 temporis
904 2411 1117 2489 scripti
1144 2414 1469 2471 exstarent.
1515 2408 1868 2471 Pisistratus
1897 2408 2082 2486 igitur
2109 2428 2148 2470 a
2168 2408 2316 2469 uiris
2345 2408 2476 2470 ido-

426 2514 561 2575 neis
591 2513 850 2576 describi
880 2513 1145 2574 carmina
1184 2514 1364 2573 iussit
1402 2516 1464 2573 et
1503 2513 1569 2573 in
1607 2511 1972 2574 bibliotheca
2013 2510 2246 2591 posuit,
2291 2504 2476 2590 ut‚⁸⁵)

428 2615 530 2695 qui
561 2616 679 2678 sibi
709 2616 895 2678 libros
934 2633 1283 2694 comparare
1323 2614 1542 2688 uellet,
1583 2614 2008 2677 bibliothecam
2052 2613 2218 2675 adire
2267 2618 2479 2692 posset

427 2718 505 2780 ad
537 2719 810 2798 exempla
837 2718 1308 2781 transcribenda.
1390 2717 1469 2778 Et
1507 2718 1711 2796 posuit
1747 2716 1907 2778 haud
1942 2716 2122 2780 dubie
2150 2716 2476 2779 Homerum

429 2822 694 2883 omnium
724 2821 1002 2900 primum.
1048 2821 1368 2882 Praeterea
1385 2820 1738 2882 Pisistratus
1760 2820 1874 2881 fuit
1899 2826 2191 2899 tyrannus
2222 2818 2476 2881 callidus

428 2929 492 2987 et
520 2923 744 3004 publici
772 2923 999 2985 fauoris
1029 2927 1322 3002 appetens
1365 2940 1687 3002 egensque.
1764 2921 1962 2999 Quid?
2018 2921 2271 2983 Iliadem
2314 2921 2476 2999 quod

430 3027 751 3089 ordinabat
797 3031 858 3089 et
898 3027 1215 3103 seruabat,
1253 3029 1320 3087 ut
1345 3024 1786 3087 Panathenaeis
1824 3029 1955 3086 tota
1996 3023 2304 3086 decantari
2333 3040 2475 3103 pos-

430 3135 557 3205 set,
604 3148 746 3190 num
777 3133 872 3191 est
900 3127 1278 3190 mirandum?
1336 3128 1537 3191 Festis
1569 3127 1725 3190 enim
1758 3126 2095 3208 splendidis
2135 3131 2198 3188 et
2224 3124 2386 3186 ludis
2418 3129 2477 3186 et

429 3238 558 3294 arte
589 3231 817 3293 ornatis
845 3236 972 3293 tum
1004 3248 1156 3310 opus
1189 3236 1319 3292 erat
1351 3231 1609 3307 ciuitati,
1640 3248 1794 3309 quae
1824 3228 1885 3290 id
1919 3228 2305 3308 potissimum
2334 3245 2474 3305 age-

429 3336 563 3408 bat,
595 3339 661 3395 ut
689 3333 1103 3395 auctoritatem
1134 3320 1406 3413 opesque
1437 3333 1553 3394 sibi
1598 3335 1988 3411 compararet.
2051 3330 2234 3392 Falso
2276 3334 2475 3391 autem

428 3431 1010 3513 Friedlaenderus³⁶)
1041 3436 1158 3498 hac
1186 3435 1321 3497 sola
1345 3435 1578 3498 ratione
1608 3438 1833 3495 motum
1857 3450 1996 3496 esse
2024 3432 2268 3494 iudicat.
2321 3432 2475 3495 Nam

533 3705 603 3770 ⁸²)
638 3710 863 3759 Ritschel.
886 3712 920 3758 1.
944 3711 978 3759 1.
1002 3725 1107 3773 pag.
1134 3712 1216 3759 54.
1288 3703 1357 3769 ⁸⁸)
1392 3704 1601 3757 Nitzseh.
1624 3708 1778 3755 molet.
1804 3707 1840 3754 Ι.
1864 3720 1966 3768 pag.
1998 3708 2123 3754 168:
2171 3705 2303 3763 ¹,Nou
2325 3704 2366 3753 is
2389 3703 2476 3751 fuit

428 3799 714 3854 Pisistratus,
739 3798 820 3858 qui
842 3796 1022 3844 ciuibus
1045 3798 1167 3843 artes
1189 3797 1412 3855 ingenuas
1434 3791 1707 3841 inuideret*
1760 3785 1828 3848 ⁸¹)
1851 3789 2075 3838 Athenae.
2101 3790 2138 3838 1.
2164 3792 2193 3837 8
2205 3804 2248 3837 a.
2297 3790 2474 3838 Gellius

428 3883 534 3931 VL-
549 3883 633 3930 17.
702 3874 772 3943 ⁸⁸)
807 3881 1016 3930 Nitzseh.
1051 3880 1206 3928 molet.
1232 3880 1270 3927 Ι.
1292 3893 1397 3941 pag.
1435 3881 1552 3927 leo.
1622 3870 1692 3936 ⁸⁶)
1726 3877 1776 3923 in
1797 3875 1930 3932 libro,
1965 3886 2106 3937 quen
2127 3888 2268 3936 supra
2290 3874 2476 3922 laudaui

430 3971 480 4017 in
512 3981 613 4030 esp.
639 3967 682 4014 11
713 3968 811 4014 not.
841 3966 928 4022 18,
970 3978 1077 4027 pag.
1111 3965 1191 4012 19.
