2692 4334
1357 238 1434 303 18

375 448 639 510 carmina
690 452 819 510 tota
856 447 1073 508 litteris
1115 448 1422 528 descripta
1471 445 1708 526 publice
1747 446 2001 511 Athenis
2043 444 2439 527 deposuisse,

376 551 482 612 sed
513 551 789 630 exempla
830 557 1009 613 antea
1032 551 1220 612 fuisse
1251 550 1463 629 plena,
1494 550 1661 611 uelut
1690 548 2013 629 Cynaethi‚
2047 550 2143 610 cui
2174 546 2434 611 Homeri

369 655 642 715 recensio
673 654 972 732 assignari
1005 654 1295 715 uideatur.
1344 652 1561 727 Veram
1595 636 1730 715 ess'e
1769 653 2010 715 illorum
2041 640 2435 726 sententiam,

374 757 474 835 qui
503 756 752 817 Iliadem
777 762 836 817 et
866 755 1199 834 Odysseam
1227 773 1297 815 ex
1329 756 1533 816 oribus
1563 756 2003 834 rhapsodorum
2025 762 2131 816 aut
2158 775 2192 816 e
2217 755 2433 831 singu-

372 858 447 919 lis
479 859 752 937 partibus
785 859 1116 937 scripturae
1148 856 1449 918 mandatis
1482 877 1519 917 a
1541 857 1861 920 Pisistrato
1889 859 2257 936 compositas
2283 874 2429 918 esse

375 962 757 1022 contendant.

506 1064 694 1126 Porro
725 1059 1174 1139 Ritschelius¹⁵)
1211 1063 1464 1136 iudicat,
1499 1062 1743 1124 dubium
1787 1082 1902 1124 non
1936 1079 2105 1137 esse,
2140 1061 2279 1141 quin
2313 1062 2429 1123 Zo-

376 1185 566 1245 pyrus
620 1173 681 1228 et
722 1167 1063 1245 Conchylus
1110 1166 1183 1226 ad
1241 1170 1508 1253 nostram
1551 1183 1740 1245 usque
1793 1165 2139 1226 memoriam
2182 1165 2429 1225 omnino

372 1271 614 1347 ignotus
651 1274 710 1330 et
741 1268 1016 1351 Orpheus
1061 1266 1443 1330 Onomacrito
1487 1268 1638 1328 duce
1685 1269 1779 1328 usi
1809 1266 2126 1328 Pisistrato
2167 1274 2424 1344 tyranno

373 1373 637 1432 carmina
666 1371 910 1432 Homeri
942 1372 1370 1432 recensuerint.
1433 1371 1632 1449 Atque
1662 1371 1848 1431 totius
1880 1368 2253 1447 antiquitatis
2287 1351 2424 1430 esse

372 1493 610 1549 uocem,
644 1479 937 1552 quatenus
969 1473 1275 1543 audiatur,
1310 1490 1496 1550 opera
1522 1471 1824 1533 Pisistrati
1866 1490 2146 1548 magnum
2192 1471 2331 1550 quid
2366 1477 2427 1531 et

372 1577 682 1655 proprium
716 1595 824 1667 pro
856 1575 1100 1635 Homeri
1133 1575 1494 1636 carminibus
1540 1593 1675 1636 esse
1721 1575 1997 1635 effectum
2045 1607 2108 1616 —
2142 1591 2299 1652 opus
2333 1574 2421 1634 di-

371 1681 575 1740 uinum
617 1678 911 1757 appellari
940 1697 978 1736 a
1007 1677 1397 1754 grammatico
1430 1710 1505 1720 -
1544 1678 1769 1755 quippe
1812 1677 1913 1756 qui
1945 1694 2220 1754 sparsam
2252 1677 2418 1754 prius

372 1781 616 1841 Homeri
658 1780 921 1859 poesim,
955 1780 1122 1840 cuius
1167 1785 1479 1843 contextus
1522 1779 1755 1841 solutus
1786 1780 2001 1841 fuisset
2028 1800 2067 1840 a
2095 1779 2423 1856 rhapsodis

372 1883 642 1960 singulas
685 1887 888 1961 partes
920 1882 1340 1955 recitantibuS,
1376 1882 1435 1941 iu
1469 1899 1575 1956 ea,
1609 1900 1761 1961 quae
1793 1900 1949 1942 nunc
1979 1886 2288 1943 exstarent
2317 1901 2425 1942 uo-

371 1986 626 2060 lumina,
679 1985 980 2063 redigeret
1042 1989 1499 2063 contextumque
1563 1985 1804 2062 scriptis
1856 1964 2144 2045 totorum⁸
2173 1966 2428 2062 operum

372 2089 660 2166 exemplis
703 2089 1096 2148 instauratum
1141 2087 1200 2145 in
1245 2104 1421 2146 omne
1464 2104 1674 2146 aeuum
1720 2091 2021 2160 seruaret3
2066 2092 2245 2164 atque
2288 2104 2426 2146 eum

372 2191 635 2253 carmina
691 2191 752 2250 in
817 2190 1102 2249 festorum
1157 2195 1218 2251 et
1281 2190 1339 2248 in
1397 2189 1794 2251 bibliothecae
1854 2207 2026 2259 usum
2087 2188 2425 2250 ordinasse.

504 2283 642 2369 Jam'
690 2309 831 2352 uero
881 2290 1374 2351 Westermannus
1391 2285 1459 2370 16)
1518 2291 1570 2351 si
1617 2310 1733 2352 non
1792 2291 2048 2370 primam
2096 2288 2424 2355 carminum

374 2376 839 2483 descriptionem
884 2412 995 2454 nec
1024 2395 1280 2472 primam
1311 2394 1841 2456 conformationem
1874 2412 1945 2455 ex
1971 2393 2224 2479 singulis
2260 2394 2425 2471 prio-

330 2493 336 2499 ’
371 2502 504 2559 rum
529 2478 803 2558 ⁸aetatum
851 2497 1246 2556 cantiunculis
1306 2498 1380 2557 ad
1426 2497 1529 2556 illa
1572 2496 1688 2558 duo
1732 2515 1987 2575 corpora
2025 2516 2063 2556 a
2102 2495 2422 2556 Pisistrato

371 2601 610 2679 factam,
643 2604 707 2660 at
736 2618 1017 2695 magnum
1051 2598 1123 2659 de
1149 2599 1409 2659 Homero
1444 2600 1716 2660 meritum
1749 2617 1820 2660 ex
1851 2600 2028 2677 locis,
2054 2615 2204 2677 quos
2240 2615 2424 2679 supra

373 2703 747 2778 enumeraui‚
790 2702 1059 2775 coniecit.
1133 2680 1607 2764 Perturbationis
1666 2701 1957 2779 originem
2000 2702 2259 2769 eandem
2301 2705 2420 2779 sta-

373 2807 504 2881 tuit,
531 2824 707 2884 quam
733 2788 968 2885 priores
993 2822 1186 2881 neque
1204 2802 1585 2864 Pisistratum
1612 2809 1894 2883 poemata
1908 2803 2225 2864 Homerica
2243 2801 2421 2863 colle-

373 2909 539 2985 gisse
574 2914 639 2967 et
662 2907 738 2967 ad
770 2911 960 2967 totum
993 2906 1373 2967 contexuisse
1403 2913 1602 2984 negat.
1689 2906 1879 2968 Immo
1925 2924 2069 2966 uero
2114 2907 2165 2965 si
2206 2906 2267 2965 id
2304 2922 2421 2965 non

370 3011 648 3083 fecisset,
704 2993 1165 3071 Alexandrinos·
1192 3009 1351 3068 haud
1397 3009 1576 3070 dubie
1621 3009 1852 3070 futuros
1905 3009 2091 3070 fuisse
2136 3007 2422 3067 infitiatur

373 3098 736 3199 carminibus
775 3111 887 3184 ita,
925 3115 992 3170 ut
1031 3110 1395 3184 habeamus,
1436 3111 1760 3193 memoriae
1800 3115 2042 3172 nostrae
2092 3109 2418 3171 tradendis

371 3213 693 3275 Adhibitos
724 3218 924 3273 autem
957 3230 1094 3274 esse
1117 3218 1416 3291 quattuor,
1451 3214 1572 3290 qui,
1603 3230 1991 3292 quaecunque
2016 3213 2198 3273 ducta
2219 3216 2423 3272 essent

370 3296 708 3389 Homerica,
743 3315 817 3375 ad
849 3332 1022 3375 usum
1056 3318 1116 3397 et
1145 3314 1453 3392 publicum
1485 3319 1545 3375 et
1576 3314 1875 3393 priuatum
1908 3318 2353 3393 componerent.

490 3408 646 3501 ‚Tum
677 3417 1098 3495 Bernhardyus
1112 3412 1181 3493 ¹⁷)
1223 3416 1482 3476 affirmat
1512 3416 1790 3478 Wolfium
1818 3422 1978 3478 recte
2010 3417 2404 3478 iudicaturum

369 3512 556 3598 fuisse
603 3520 676 3581 de
708 3520 1009 3580 Pisistrati
1053 3519 1259 3593 curis,⁴
1288 3519 1340 3579 si
1382 3518 1567 3580 uerba
1602 3519 2034 3596 „consignasse
2065 3518 2280 3609 litteris
2313 3514 2406 3578 et“

477 3773 541 3835 ¹⁵)
579 3779 629 3824 in
662 3775 847 3822 libello:
886 3773 959 3822 die
993 3775 1276 3822 alexandrin.
1306 3773 1525 3821 Biblioth.
1552 3777 1642 3821 etc.
1666 3788 1771 3835 pag.
1807 3774 2025 3820 36—71.
2100 3767 2165 3830 l⁶)
2208 3766 2415 3833 „Pauly's

372 3862 486 3912 Real
508 3862 904 3922 Encyclopaedie:
948 3874 988 3907 s.
1021 3874 1068 3905 u.
1101 3858 1320 3905 Homer‘.
1405 3851 1470 3917 17)
1507 3860 1754 3906 Grnndriss
1795 3859 1879 3904 der
1911 3858 2081 3917 gtioch.
2127 3858 2414 3916 Litteraturg.

369 3950 445 3995 ed.
480 3948 537 3994 11.
563 3949 684 4009 part.
710 3946 746 3991 1.
770 3959 876 4005 pag.
903 3946 967 3992 90
991 3957 1123 4004 seqq.
