2692 4334
1283 242 1325 303 9

420 448 769 511 Clarissimo
842 465 987 510 uero
1050 449 1353 510 Pisistrati
1428 450 1841 512 recensionem
1905 449 2235 512 Pausanias
2249 443 2322 531 ¹²)

273 558 563 614 testatur:

408 649 888 739 »Πεισίστρατον
920 640 1006 730 δέ,
1038 650 1213 721 ἡνίκα
1243 654 1360 723 ἔπη
1395 650 1482 713 τοὶ
1510 647 1782 740 Ὀμήρου
1816 641 2225 739 διεσπασμένα
2253 673 2323 714 τε

277 754 383 817 καί
415 751 580 816 ἄλλα
597 751 666 834 1⁸)
703 754 977 839 ἀλλαχοῦ
1008 753 1498 841 μνημονενόμενα
1526 746 1865 838 ἠθροίζετο,
1894 750 1934 824 ἢ
1965 752 2149 816 αὐτὸν
2178 751 2322 816 Πει-

269 855 613 943 σίστρατον,
639 852 679 925 ἢ
708 864 834 918 τῶν
861 876 997 918 τινα
1026 855 1276 941 ἑταίρων
1307 864 1713 943 μεταποιῆσαι
1741 855 1815 919 τὸ
1846 854 2040 944 ὄνομα
2069 855 2177 940 (sc.
2205 854 2321 918 Δο-

271 957 524 1021 νόεσσαν
555 960 628 1021 cf.
661 954 840 1041 infra)
871 955 987 1020 ὑπὸ
1018 957 1318 1046 ἀγνοίας.“

410 1063 672 1139 Quorum
699 1064 1000 1125 sociorum
1029 1065 1274 1124 nomina
1299 1083 1492 1143 nuper
1514 1083 1586 1128 ex
1610 1065 1839 1127 scholio
1864 1060 2143 1143 quo'dam,
2162 1063 2324 1143 quod

268 1167 430 1228 infra
456 1167 854 1240 laudabimuS,
885 1172 1252 1243 compertum
1285 1171 1397 1226 est.

406 1269 597 1346 Pergo
643 1269 722 1329 ad
765 1268 1092 1345 Diogenem
1137 1266 1468 1342 Laertium,
1510 1269 1610 1345 qui
1657 1268 1856 1329 studia
1897 1268 2137 1331 Homeri
2169 1268 2322 1331 Pisi-

286 1376 514 1432 stratea
543 1377 999 1445 commemorat,
1032 1370 1142 1432 sed
1172 1370 1411 1432 Solonis
1457 1370 1533 1432 de
1564 1370 1926 1432 carminibus
1957 1372 2171 1433 merita
2200 1389 2323 1432 me-

277 1473 434 1534 liora
463 1490 627 1547 esse,
660 1492 838 1553 quam
870 1473 1171 1535 Pisistrati
1201 1473 1439 1534 uidetur
1466 1473 1729 1535 indicare
1758 1474 1855 1535 his
1886 1474 2087 1535 uerbis
2103 1466 2173 1552 ¹⁴)

413 1569 493 1634 τά
527 1592 598 1634 τε
628 1567 899 1659 Ὀμήρου
945 1562 1014 1645 ἐξ
1034 1570 1360 1653 ’ὑποβολῆς
1399 1569 1664 1660 γέγραφε
1706 1561 2145 1658 ῥαψῳδεῖσθαι,
2200 1566 2325 1635 οἷον

276 1675 431 1736 ὅπου
462 1676 495 1736 ὀ
534 1682 771 1761 πρῶτος
813 1664 1051 1751 ἔληξεν,
1082 1671 1316 1736 ἐκεῖθεν
1349 1670 1639 1760 ἄρχεσθαι
1668 1673 1777 1735 τὸν
1808 1673 2104 1762 ἐχόμενον.
2168 1677 2324 1761 μᾶλ-

274 1779 386 1838 λον
416 1767 529 1837 οὖν
568 1773 782 1838 Σόλων
824 1769 1108 1863 “Ομηρον
1148 1775 1440 1863 ἐφώτισεν
1478 1771 1517 1845 ἢ
1559 1773 1991 1862 Πεισίστρατος
2006 1825 2021 1855 ,
2063 1776 2143 1849 ὥς
2181 1796 2324 1861 φησι

273 1867 590 1965 Διευχίδας
634 1878 696 1941 ὲν
745 1875 1003 1964 πέμπτῳ
1054 1875 1437 1967 Μεγαρικῶν.
1524 1870 1598 1947 ἦν
1651 1865 1717 1940 δὲ
1770 1875 2040 1964 μάλιστα
2077 1877 2160 1941 τοὶ
2209 1882 2325 1948 ἔπη

270 1981 480 2044 ταυτί·
529 1983 622 2059 »οἱ
651 1968 704 2043 δ’
733 1976 1109 2067 ἄρ’*Ἀθηνας
1138 1976 1299 2067 εἶχον
1328 1980 1435 2041 καὶ
1461 1978 1545 2041 τοὶ
1575 1969 1727 2054 ἑξῆς.

404 2085 599 2161 Quem
652 2086 850 2146 locum
892 2084 1323 2146 diuersissimis
1384 2084 1717 2147 rationibus
1760 2085 2081 2164 explanare
2100 2080 2169 2161 1·”)
2211 2084 2323 2145 uiri

280 2189 446 2250 docti
478 2189 677 2249 conati
707 2193 848 2249 sunt
877 2189 953 2249 de
984 2201 1105 2266 quo
1136 2187 1317 2248 latius
1349 2188 1528 2249 nobis
1558 2187 1671 2249 erit
1700 2186 2142 2249 disserendum.

408 2291 633 2352 Eodem
674 2291 797 2352 fere
837 2296 1109 2369 tempore
1152 2287 1449 2369 scribitffi)
1494 2290 1780 2352 Claudius
1825 2290 2115 2351 Aelianus
2146 2289 2325 2351 Prae-

278 2393 584 2468 nestinus,
632 2397 952 2471 postquam
995 2399 1175 2453 antea
1205 2393 1662 2453 translationem
1695 2393 2020 2453 carminum
2051 2390 2326 2453 Homeri-

279 2514 483 2556 corum
515 2496 575 2555 in
610 2493 919 2556 Graeciam
950 2514 987 2554 a
1015 2494 1287 2572 Lycurgo
1320 2494 1537 2556 factam
1571 2496 2083 2557 commemorauit:

410 2592 654 2680 ὕστερον
698 2582 767 2656 δὲ
800 2590 1228 2680 Πεισίστρατος
1268 2593 1627 2683 συναγαγὼν
1657 2591 1924 2681 ἀπέφηνε
1962 2593 2074 2665 τὴν
2102 2582 2325 2656 Ἰλιάδα

278 2696 384 2758 καὶ
421 2684 793 2758 Ὀδύσσειαν.

409 2802 503 2862 Ab
532 2801 648 2869 hoc
678 2801 859 2878 igitur
891 2802 1183 2879 scriptore
1220 2797 1447 2862 diserte
1480 2801 1856 2863 Pisistratum
1887 2800 2220 2878 Odysseam
2266 2804 2329 2861 et

277 2903 562 2978 Iliadem,
592 2920 710 2963 non
744 2903 980 2981 epicum
1011 2902 1274 2980 cyclum,
1315 2904 1375 2964 id
1409 2904 1566 2981 quod
1596 2904 1869 2964 nonnulli
1881 2896 1954 2982 ¹⁷)
1984 2904 2325 2982 opinantur,

281 3007 659 3066 recensuisse
690 3005 1034 3066 affirmatur.
1421 2995 1430 3003 ⁴

410 3108 611 3170 Multis
643 3108 902 3169 saeculis
935 3112 1076 3185 post
1104 3106 1421 3167 Aelianum
1453 3102 1751 3185 Suidas¹⁸)
1781 3105 2104 3167 Homerum
2139 3105 2324 3167 uariis

280 3212 340 3272 in
372 3210 642 3287 urbibus,
667 3228 819 3288 quas
851 3209 1121 3284 obiisset,
1154 3208 1419 3269 carmina
1440 3225 1552 3268 sua
1575 3209 1896 3287 scripsisse
1920 3213 1982 3268 et
2010 3206 2325 3285 reliquisse

280 3312 546 3390 prodens
576 3312 769 3372 addite
1026 3316 1033 3323 ’

410 3408 656 3497 ὕστερον
689 3398 758 3472 δὲ
788 3407 1078 3480 συνετέθη
1108 3408 1213 3471 καὶ
1255 3406 1594 3495 συνετάχθη
1625 3411 1739 3471 ὑπὸ
1767 3410 2036 3489 πολλῶν,
2076 3407 2182 3469 καὶ·
2211 3404 2326 3493 μά-

280 3515 462 3575 λιστα
491 3510 607 3575 ὑπὸ
640 3508 1081 3600 Πεισιστράτου
1110 3520 1221 3575 τοῦ
1249 3520 1378 3575 τῶν
1409 3508 1725 3582 Ἀθηναίων
1752 3510 2056 3596 τυράννου.

386 3766 454 3830 ¹²)
489 3773 594 3820 Vn.
638 3775 720 3823 26.
757 3775 806 3822 6.
901 3766 965 3832 ¹⁸)
1002 3772 1222 3821 Schaefer
1254 3775 1462 3833 apparat.
1495 3773 1556 3820 ad
1576 3770 1817 3820 Demosth.
1840 3773 1953 3817 tom.
1978 3770 2044 3817 111
2076 3785 2182 3832 pag.
2208 3773 2327 3820 288.

286 3851 354 3915 ¹⁴)
395 3858 434 3904 1.
469 3858 550 3906 57.
645 3852 710 3916 ¹⁵)
756 3858 817 3905 cf.
861 3859 1106 3906 Duentzer.
1159 3893 1179 3915 ,
1196 3858 1254 3905 de
1294 3857 1493 3905 Homero
1535 3857 1683 3916 deque
1726 3857 1857 3916 epico
1898 3856 2029 3916 cyclo
2069 3870 2120 3917 p.
2147 3857 2207 3903 12
2219 3869 2325 3916 sqq.

284 3935 353 4001 ¹⁵)
389 3942 512 3990 XIII.
540 3943 624 3991 14.
699 3936 763 4002 ¹⁷)
787 3943 928 3991 Ulric.
953 3942 986 3989 1.
1010 3943 1043 3989 1.
1067 3956 1115 4002 p.
1139 3943 1257 3990 403.
1281 3945 1381 3990 not.
1455 3934 1522 4000 18)
1547 3956 1585 3989 s.
1610 3957 1656 3990 u.
1682 3931 1927 4003 ‘'Op-apos.
2119 3926 2124 3933 ’
