2692 4334
1387 206 1466 268 10

520 412 650 473 Iam
692 430 836 475 vero
874 413 1163 475 Libanius
1204 413 1585 476 Pisistratum
1632 415 1958 477 carminum
1987 406 2440 477 Homerioorum

394 514 793 577 ordinatorem
825 515 1033 577 laudat
1046 510 1116 593 ¹⁹)

519 617 571 675 εἰ
599 605 668 676 δὲ
688 611 1128 699 Πεισίστρατον
1149 618 1506 702 ἐπαινοῦμεν
1525 614 1668 703 ὑπὲρ
1698 626 1807 690 τῆς
1827 625 1952 680 τῶν
1974 614 2160 703 ἑτέρῳ
2182 638 2439 687 πεποιη-

392 713 587 803 μένων
621 718 953 806 συλλογῆς,
981 726 1098 779 ποῢ
1128 716 1396 804 θήσομεν
1424 716 1532 782 τὸν
1563 714 1835 804 Ὀμήρου
1866 716 2163 805 μιμητήνς

518 821 686 882 Idem
727 822 786 881 in
819 821 1045 883 Socrat.
1091 823 1375 900 apologia
1390 816 1474 901 20)Ι
1497 829 1817 901 postquam
1845 842 1885 884 a
1912 824 2158 887 Socrate
2193 829 2256 885 et
2282 825 2441 886 alios

392 928 603 1003 poetas
652 929 924 986 uetustos
989 924 1362 1006 uituperatos
1415 943 1551 987 esse
1606 930 1669 986 et
1715 926 2038 988 Homerum
2095 927 2439 1002 affirmauit,

470 1046 501 1087 r
545 1027 618 1086 it:

390 1042 468 1105 pe
502 1045 620 1186 8καὶ
637 1123 1068 1212 Πεισίστρατος
1084 1125 1191 1201 μέν
1205 1128 1238 1188 ὀ
1252 1123 1520 1211 μάλιστα
1535 1116 1879 1201 σπουδάσας
1888 1127 2022 1214 περὶ
2039 1126 2151 1197 τὴν
2163 1122 2439 1213 Ὀμήρου

250 1229 263 1239 ”
294 1260 300 1265 ·
388 1227 623 1298 ποίησιν
654 1216 871 1291 οὐδένα
894 1236 1018 1293 τῶν
1039 1226 1288 1292 πώποτε
1313 1228 1627 1315 ἀπέκτεινε
1660 1228 1866 1312 λαβὼν
1890 1234 2066 1302 ἔπους
2097 1228 2439 1316 ἐπιλαμβα-

278 1335 289 1346 ’
389 1328 651 1418 νόμενον·
684 1328 840 1403 εἰκὸς
858 1319 941 1399 ,δὲ
968 1329 1172 1394 πολλοὶ
1199 1340 1476 1395 τουαῢτα
1503 1328 1816 1420 γεγονέναι
1844 1339 1968 1395 τῶν
1997 1327 2271 1418 Ὀμήρου
2295 1332 2438 1393 συλ-

388 1429 750 1519 λεγομένων.

518 1538 643 1599 Nec
673 1556 817 1600 uero
847 1555 967 1599 non
996 1537 1381 1614 Eustathius,
1412 1539 1903 1618 archiepiscopus
1933 1538 2429 1600 Thessalonicen-

388 1640 510 1716 sis,
541 1639 783 1701 Homeri
815 1640 1295 1703 studiosissimus
1324 1635 1631 1718 narrat21).

513 1732 667 1802 ’Ότι
698 1742 759 1802 ἓν
792 1737 901 1827 μέν
927 1761 988 1802 τι
1011 1749 1190 1827 σῶμα
1220 1739 1456 1827 συνεχὲς
1490 1729 1695 1804 διόλου
1720 1741 1821 1803 καὶ
1852 1737 2223 1827 εὐάρμοστον
2245 1742 2284 1809 ἡ
2326 1748 2434 1812 τῆς

389 1830 636 1914 Ἰλιάδος
677 1840 930 1916 ποίησις.
991 1844 1046 1905 οἱ
1081 1831 1149 1905 δὲ
1194 1841 1543 1929 συνθέμενοι
1582 1841 1812 1913 ταύτην
1851 1840 1986 1904 κατ’
2016 1841 2309 1930 ἐπιταγὴν
2356 1841 2436 1914 ὥς

389 1964 531 2030 φασι
562 1940 1000 2030 Πεισιστράτου
1029 1952 1141 2009 τοῦ
1170 1951 1296 2007 τῶν
1324 1939 1645 2013 Ἀθηναίων
1674 1942 1962 2031 τυράννου
1994 1952 2171 2009 ceter.

514 2049 683 2111 Idem
697 2043 792 2125 ²²),
835 2049 992 2129 quod
1034 2068 1106 2110 ex
1146 2049 1411 2127 antiquis
1440 2050 1841 2130 scriptoribus
1871 2068 1939 2111 se
1983 2050 2264 2112 hausisse
2292 2066 2435 2110 oon-

387 2152 612 2215 tendit:
700 2164 703 2167 ’

517 2251 662 2337 φασὶ
692 2240 760 2312 δὲ
791 2253 848 2312 οἱ
873 2250 1125 2313 παλαιοὶ
1152 2249 1265 2321 τήν
1297 2238 1605 2339 ῥαψῳδίαν
1633 2249 1864 2321 ταύτην
1894 2246 2279 2337 ὑφ”Ομῆρου
2311 2240 2438 2333 ἰδίᾳ

388 2351 686 2439 τετάχθαι
715 2354 819 2415 καὶ
849 2353 934 2441 μὴ
965 2354 1454 2441 ὲγκαταλεγῆναι
1490 2362 1621 2426 τοῖς
1657 2352 1857 2440 μέρεσι
1877 2360 1988 2426 τῆς
2011 2341 2286 2434 Ἰλιάδος,
2319 2351 2436 2415 ὑπὸ

393 2445 460 2519 δὲ
488 2453 926 2543 Πεισιστράτου
954 2453 1255 2542 τετάχθαι
1284 2459 1369 2528 εἰς
1395 2455 1509 2526 τὴν
1537 2454 1793 2525 ποίησιν.

518 2562 730 2623 Mirum
761 2562 985 2639 aliquid
1009 2562 1083 2625 de
1106 2562 1461 2623 recensione
1483 2561 1837 2622 Pisistratea
1860 2560 2282 2638 grammaticus
2305 2559 2436 2637 qui-

392 2666 527 2727 dam
540 2658 612 2742 23)
642 2664 857 2738 refert,
900 2665 1057 2742 quod
1097 2668 1290 2724 totum
1321 2682 1600 2725 enarrare
1631 2664 1873 2741 longum
1906 2667 2028 2737 θείς
2069 2663 2220 2724 haee
2248 2661 2439 2723 uerba

389 2767 468 2829 ad
499 2767 912 2845 quaestionem
942 2771 1210 2828 nostram
1242 2767 1569 2845 pertinent:

518 2863 950 2952 Πεισίστρατός
985 2888 1075 2939 τις
1105 2863 1216 2948 (τις
1245 2863 1450 2945 Beck.)
1484 2860 1802 2932 Ἀθηναίων
1840 2861 2207 2951 στρατηγός,
2237 2859 2436 2925 θέλων

388 2968 493 3031 καὶ
521 2970 720 3048 ἑαυτῷ
757 2967 881 3047 (καὶ
909 2969 1106 3049 ἑαυτῷ
1135 2966 1342 3046 Beck.)
1371 2956 1552 3039 δόξαν
1573 2963 2075 3053 περιποιήσασθαι
2096 2964 2199 3027 καὶ
2222 2963 2305 3026 τοὶ
2323 2973 2435 3027 τοῦ

389 3067 661 3158 Ὀμήρου
715 3071 1050 3133 ἀνανεῶσαι
1092 3105 1190 3134 —.
1238 3058 1521 3157 ἐκήρυξεν
1574 3068 1635 3131 ἐν
1690 3064 1855 3150 πάσῃ
1906 3076 1987 3150 τῇ
2026 3053 2278 3133 Ἐλλάδι
2327 3063 2436 3129 τὸν

390 3177 613 3260 ἔχοντα
641 3167 1007 3258 Ὁμηρικοὺς
1046 3171 1283 3258 στίχους
1318 3173 1582 3260 ἀγαγεῖν
1620 3167 1763 3256 πρὸς
1804 3166 1991 3231 αὐτὸν
2024 3203 2101 3214 --
2135 3168 2238 3231 καὶ
2278 3165 2437 3254 μετὰ

388 3273 461 3338 τὸ
492 3270 723 3346 πάντας
752 3282 1131 3361 συναγαγεῖν,
1169 3269 1582 3359 παρεκάλεσεν
1622 3265 2045 3356 ἑβδομήκοντα
2090 3258 2198 3334 δύο
2238 3291 2434 3358 γραμ-

391 3373 712 3464 ματικούς,
753 3372 1051 3439 συνθεῖναι
1089 3372 1172 3436 τοὶ
1213 3382 1323 3437 τοῦ
1356 3368 1627 3460 Ὀμήρου
1672 3370 1929 3434 ἕκαστον
1972 3369 2108 3434 κατ’
2148 3360 2305 3435 ἰδίαν
2351 3405 2436 3416 --

495 3654 564 3721 ¹⁹)
602 3653 682 3715 Εἰς
720 3653 986 3706 Ἰουλιανὸν
1032 3649 1377 3722 αὐτοκράτορα
1422 3650 1610 3702 ὕπατον
1647 3658 1721 3705 ed.
1762 3655 1921 3704 Reisk.
1962 3659 2076 3703 tom.
2114 3655 2149 3701 I.
2185 3668 2292 3717 pag.
2319 3652 2436 3701 885.

393 3741 467 3808 ²⁰)
501 3751 613 3796 tom.
636 3748 702 3795 111
723 3762 829 3809 pag.
856 3749 938 3796 25.
1009 3740 1077 3804 ἰ)
1110 3747 1161 3793 ἰιι
1191 3746 1310 3792 libro
1343 3736 1651 3808 παρέκβαλοι
1685 3734 1749 3796 εἰς
1784 3735 1870 3801 τὴν
1907 3734 2134 3803 Ὀμήρου
2170 3730 2360 3784 Ἰλιάδα
2376 3734 2435 3786 Α.

390 3835 495 3884 init.
516 3849 622 3896 pag.
650 3834 698 3882 ὅ.
800 3826 867 3890 ²²⁸)
905 3825 960 3879 K.
982 3833 1085 3879 init.
1120 3833 1226 3877 ante
1257 3845 1379 3878 uers.
1419 3833 1444 3878 1
1488 3843 1592 3890 pag.
1641 3828 1755 3876 785.
1836 3820 1904 3884 ²⁸)
1937 3825 2135 3873 Bekkeri
2169 3823 2343 3873 Aneod.
2371 3821 2431 3870 11.
2501 3835 2506 3840 ·

391 3934 496 3983 pag.
522 3921 550 3967 7
557 3921 636 3967 67.
684 3919 949 3966 Villoisonii
979 3916 1154 3966 Aneed.
1180 3917 1290 3962 tom.
1317 3916 1376 3962 II.
1401 3915 1606 3976 p..182..
1643 3912 1800 3960 Wolffi
1822 3912 1996 3972 proleg.
2021 3924 2126 3972 pag.
2153 3910 2249 3958 147
2274 3910 2373 3956 not.
