2692 4334
1286 227 1363 292 21

284 442 425 500 tum
454 438 626 517 prius
648 432 964 500 coniuncta
987 430 1178 500 fuisse
1217 432 1482 513 tradunt,
1514 439 1619 500 sed
1652 457 1788 501 esse
1818 440 2096 514 confusa,
2128 442 2353 521 quippe

292 534 459 620 quae
503 542 758 620 carptim
800 542 1260 602 decantarentur
1301 527 1629 624 (σποράδην
1658 538 1731 602 τὸ
1756 539 1890 626 πρὶν
1922 540 2016 601 ἀεὶ
2053 530 2351 626 δόμενον).

291 642 524 704 Nostro
567 643 723 703 enim
763 643 983 704 indicio
1021 642 1357 705 Pausaniae
1397 645 1646 706 uerbum
1683 631 2088 729 διεσπασμένα
2127 645 2355 707 indicat

295 740 564 827 partium
606 746 1053 807 coniunctamm
1099 746 1570 808 distractionem.
1627 748 1838 827 Itaque
1877 748 1992 809 hoc
2018 753 2351 824 teneamuS‚

298 845 718 909 Pisistratum
741 847 1030 909 carmina
1054 843 1418 927 Homerica,
1452 866 1617 929 quae
1634 847 1819 931 prius
1847 847 1942 909 ad
1967 850 2163 910 toticm
2205 869 2350 911 con-

294 950 522 1013 iuncta
549 947 862 1032 rhapsodi
888 948 1163 1032 carptim
1193 948 1597 1012 decantantes
1618 947 2185 1033 pevturbaverant',
2226 950 2349 1013 col-

300 1051 520 1134 leyisse
554 1060 615 1113 et
658 1051 730 1113 in
770 1071 915 1114 eum
954 1051 1237 1114 ordinem
1286 1050 1625 1135 redeyisee,
1673 1072 1800 1134 quo
1842 1072 2013 1115 nunc
2057 1052 2352 1134 lequuntur

301 1153 444 1232 (hoc
505 1156 664 1217 enim
731 1154 955 1217 diserte
1028 1156 1383 1217 confirmant
1435 1155 1644 1217 Cicero
1707 1162 1768 1217 et
1826 1157 2117 1218 scholium
2172 1156 2348 1218 Plau-

303 1253 532 1338 tinum).

306 1356 313 1359 ’
435 1361 521 1420 At
553 1361 671 1421 tria
710 1365 879 1435 sunt,
911 1377 1065 1439 quae
1095 1359 1234 1421 huic
1262 1365 1469 1421 nostro
1511 1359 1731 1420 iudicio
1761 1360 2069 1420 aduersari
2100 1359 2348 1421 uidean-

234 1463 238 1467 ’
316 1465 425 1522 tur.
489 1461 639 1523 Nam
680 1463 930 1524 forsitan
978 1462 1113 1541 quis
1154 1462 1369 1523 mirum
1409 1463 1669 1535 duxerit,
1712 1480 1817 1522 cur
1857 1462 2213 1539 scriptores,
2244 1464 2349 1541 qui

307 1564 487 1643 paulo
519 1568 662 1644 post
683 1564 1067 1625 Pisistratum
1091 1565 1349 1639 fuerunt,
1379 1565 1715 1626 studiorum
1738 1566 1867 1625 eius
1893 1565 2343 1626 Homericorum

307 1667 670 1728 mentionem
703 1667 968 1727 facerent
995 1665 1242 1741 nullam,
1274 1667 1628 1745 praesertim
1657 1684 1789 1727 cum
1812 1667 1963 1728 tanti
1987 1674 2194 1728 essent
2220 1686 2347 1727 mo-

302 1769 522 1843 menti,
576 1774 647 1830 ut
700 1774 1030 1831 memoratu
1069 1787 1186 1830 non
1229 1769 1416 1846 digna
1457 1770 1677 1842 solum,
1725 1787 1929 1830 uerum
1969 1770 2149 1829 etiam
2191 1787 2345 1846 opus

303 1875 530 1932 essent.
591 1869 765 1946 Quod
797 1871 1155 1950 scriptorum
1184 1871 1488 1932 silentium
1518 1870 1940 1949 inexplicabile
1971 1872 2059 1932 eis
2091 1876 2213 1945 est,
2245 1873 2347 1950 qui

301 1972 687 2034 Pisistratum
745 1974 1000 2051 primum
1061 1973 1313 2034 Iliadem
1362 1977 1424 2034 et
1464 1972 1799 2050 Odysseam
1840 1991 1912 2034 ex
1952 1974 2346 2035 cantiunculis

302 2077 487 2137 uariis
533 2076 682 2137 locis
726 2076 876 2138 ortis
915 2075 1182 2154 undique
1227 2077 1612 2151 congessisse
1655 2080 1717 2135 et
1747 2076 2179 2154 perscripsisse
2211 2094 2345 2136 cum

230 2173 247 2188 ⁹
306 2177 522 2239 Wolfio
565 2184 831 2240 censent.
878 2177 1103 2239 Contra
1132 2178 1184 2239 si
1223 2183 1527 2250 tenemus,
1561 2176 1937 2237 Pisistratum
1967 2195 2345 2256 nequaquam

299 2281 409 2340 illa
437 2280 699 2341 carmina
735 2280 798 2340 in
824 2279 1011 2350 hanc,
1043 2298 1221 2359 quam
1260 2279 1568 2353 uidemus,
1599 2279 2051 2354 congruentiam
2082 2279 2341 2356 primum

305 2382 739 2459 composuisse,
771 2382 880 2443 sed
910 2383 1194 2442 amissam
1220 2380 1581 2454 restituisse,
1613 2380 1911 2458 quid-erit,
1945 2399 2049 2441 cur
2070 2381 2346 2443 meritum

299 2484 722 2546 instauratoris
765 2484 894 2545 eius
939 2483 1159 2545 elatum
1199 2502 1319 2545 non
1364 2500 1500 2545 esse
1543 2484 1825 2543 miremur
1864 2483 1940 2545 ab
1983 2485 2070 2546 eis
2089 2529 2104 2558 ,
2137 2485 2239 2562 qui
2270 2502 2344 2544 ne

303 2587 378 2648 de
410 2586 774 2649 bibliotheca
804 2586 1044 2665 quidem
1066 2578 1422 2648 Pisistratea
1445 2586 1771 2665 quidquam
1794 2586 1969 2648 nobis
1994 2586 2343 2659 retulerunt,

300 2689 405 2767 qui
435 2689 585 2748 nihil
617 2688 692 2750 de
725 2688 1003 2766 Orphicis
1033 2689 1111 2749 ad
1145 2690 1360 2749 aetatis
1390 2690 1694 2766 ingenium
1715 2693 1839 2749 tam
1861 2688 2200 2764 insignibus
2220 2704 2343 2748 me-

300 2796 627 2853 morarunt.
658 2831 662 2837 ,
697 2789 829 2851 Huc
873 2791 1131 2865 accedit,
1179 2791 1337 2869 quod
1386 2792 1742 2870 scriptores,
1792 2791 1892 2868 qui
1943 2790 2343 2851 Athenienses

303 2899 540 2965 essent,
588 2898 909 2971 tyrannum
959 2894 1190 2954 ciuibus
1241 2894 1503 2954 inuisum
1564 2893 1811 2953 laudare
1865 2892 2124 2952 fortasse
2169 2893 2344 2952 ueriti

304 3003 460 3058 sunt.
510 2997 591 3056 At
619 3013 724 3056 cur
743 3000 947 3056 tacent
972 2995 1395 3057 Alexandrini?
1418 2995 1692 3055 Editione
1716 2992 1955 3071 quidem
1989 2992 2344 3053 Pisistratea

301 3099 442 3177 ipsa
486 3096 572 3157 uti
600 3115 724 3158 non
754 3101 1110 3174 potuerunt,
1142 3114 1281 3157 nam
1310 3089 1565 3170 Gellio2)
1598 3099 1861 3165 auctore,
1891 3111 1962 3153 ex
1993 3111 2111 3172 quo
2141 3094 2345 3155 hausit

301 3193 657 3276 Isidorus3),
720 3215 993 3274 „omnem
1041 3198 1204 3258 illam
1255 3203 1472 3275 postea
1512 3196 1798 3256 librorum
1840 3195 2075 3272 copiam
2112 3196 2343 3257 Xerxes

305 3301 673 3364 Athenarum
716 3301 944 3378 potitus
973 3301 1121 3362 urbe
1151 3301 1287 3377 ipsa
1318 3304 1556 3377 praeter
1586 3316 1782 3360 arcem
1815 3299 2066 3358 incensa
2094 3298 2345 3359 abstulit

302 3403 763 3483 aspomuitque
801 3403 865 3463 in
894 3402 1131 3464 Persae.
1189 3402 1317 3464 Hes
1365 3418 1546 3480 porro
1577 3401 1764 3463 libros
1792 3400 2109 3462 uniuersos
2141 3400 2343 3461 multis

302 3511 447 3586 post
468 3505 938 3584 tempestatibus
967 3504 1254 3566 Seleucus
1284 3522 1407 3577 rex,
1441 3505 1543 3581 qui
1565 3504 1826 3565 Nicanor
1854 3502 2197 3580 appellatus
2230 3508 2341 3574 est,

306 3608 656 3669 referendos
700 3607 972 3667 Athenas
1018 3604 1306 3667 curauit.“
1330 3616 1347 3636 ⁸
1368 3605 1575 3687 Neque
1618 3623 1761 3666 uero
1804 3610 1964 3666 certo
1998 3606 2152 3667 scire
2183 3605 2341 3677 licet,

407 3916 452 3982 ²)
488 3937 536 3972 n.
559 3923 616 3971 A.
639 3921 722 3970 VI.
747 3923 830 3969 17.
899 3914 943 3978 ⁸)
967 3920 1049 3967 vl.
1076 3922 1124 3968 3.
1150 3922 1199 3969 3.
