2692 4334
1359 211 1439 274 14

365 413 596 509 τράτου
626 413 732 479 τὸν
756 409 1040 505 “Ομηρον
1083 414 1441 487 συντεθῆναι
1481 413 1584 476 καὶ
1627 404 1970 501 ὀρθωθῆναι
2010 415 2210 500 ληρῶν
2253 410 2437 499 παρὰ

365 524 488 579 τῶν
521 517 594 598 οβ
625 550 727 583 --.

491 619 618 697 Hos
648 622 831 699 igitur
873 623 1069 684 fontes
1098 623 1392 683 habemus
1421 620 1794 683 recensionis
1838 623 2164 682 carminum
2193 619 2430 682 Home·

356 725 623 785 ricorum
655 724 1063 787 Pisistrateae.
1120 724 1209 785 Ex
1250 724 1466 802 quibus
1497 730 1753 803 apparet
1781 728 1968 784 totam
2001 724 2430 802 antiquitatem

367 827 442 887 de
485 828 600 888 hac
641 846 707 889 re
753 829 1088 890 consentire
1129 824 1509 889 Pisistratum
1553 827 1632 886 de
1679 826 2042 888 carminibus
2083 824 2430 887 Homericis

368 930 609 1007 egregie
638 928 912 991 meritum
945 949 1101 1005 esse,
1133 928 1242 991 sed
1274 929 1478 1007 qualia
1507 929 1628 988 sint
1651 928 1784 1008 ejus
1812 929 2053 1002 merita,
2083 944 2219 1011 cum
2244 946 2429 989 accu-

364 1033 553 1093 ratius
574 1044 870 1110 nusquam
896 1033 1257 1093 definiantur
1273 1077 1289 1105 ,
1317 1032 1583 1092 incertae
1607 1031 1806 1091 adhuc
1833 1026 2123 1092 fluctuant
2152 1031 2424 1092 uirorum

369 1134 678 1195 doctorum
710 1135 1107 1223 coniecturae.

1199 1644 1457 1708 cAPUT
1501 1645 1585 1709 11.
1631 1624 1640 1629 ”

2082 1702 2102 1739 ἱ

766 1803 927 1879 Quae
970 1831 1010 1875 a
1051 1814 1480 1876 recentioribus
1522 1813 1646 1877 sint
1689 1812 2037 1879 coniectata.

495 1950 586 2012 De
617 1951 835 2015 studiis
865 1951 1166 2017 Pisistrati
1195 1952 1531 2014 Homericis
1562 1952 1828 2014 uirorum
1854 1952 2182 2013 memoriae
2211 1968 2417 2013 reeen-

370 2054 451 2115 tis
481 2055 702 2116 iudicia
729 2059 987 2132 possunt
1018 2055 1298 2117 distribui
1326 2055 1391 2115 in
1421 2054 1651 2117 classes
1683 2054 1853 2116 duas.
1902 2053 2054 2115 Nam
2083 2054 2284 2128 alteri,
2320 2053 2419 2132 qui

371 2156 638 2218 carmina
666 2156 1060 2235 complurium
1080 2161 1417 2236 ,poetarum
1446 2158 1814 2218 arbitrentur
1846 2156 2035 2219 fuisse
2066 2155 2318 2221 Iliadem
2361 2161 2423 2218 et

372 2257 739 2335 odysseam,
783 2257 1197 2334 Pisistratum,
1238 2264 1446 2337 utpote
1488 2260 1590 2337 qui
1620 2277 1832 2320 uersus
1863 2259 2156 2321 ordinarit
2184 2263 2254 2319 et
2280 2275 2421 2319 eon·

372 2359 685 2436 glutinarit
711 2354 1004 2445 (ὁμήρης),
1034 2380 1239 2423 uerum
1257 2361 1606 2438 Homerum,
1634 2360 1830 2436 alteri,
1861 2361 1962 2439 qui
1983 2361 2070 2430 *ab
2091 2379 2213 2422 uno
2243 2365 2425 2440 poeta

373 2462 656 2523 uniuersa
684 2463 956 2540 profecta
984 2480 1121 2525 esse
1154 2469 1439 2537 statuant,
1465 2463 1867 2538 Pisistratum,
1894 2464 2116 2542 quippe
2153 2464 2257 2541 qui
2293 2480 2421 2524 car-

374 2564 537 2625 mina
563 2556 817 2626 confusa
833 2567 896 2626 in
914 2558 1181 2627 ordinem
1199 2554 1523 2643 redegerit,
1548 2566 1803 2630 alterum
1826 2565 2152 2628 Homerum
2175 2565 2419 2627 habent.

373 2667 570 2744 Atque
601 2665 838 2727 illorum
870 2667 994 2728 dux
1024 2673 1119 2729 est
1150 2667 1430 2745 Wolfius,
1469 2668 1683 2731 horum
1725 2668 1938 2756 ducein
1976 2668 2139 2729 haud
2188 2667 2314 2730 scio
2344 2684 2424 2728 an

372 2768 555 2829 liceat
590 2768 898 2837 nominare
928 2756 1319 2833 Nitaschium.
1394 2770 1589 2831 Etiam
1638 2771 1712 2833 de
1753 2771 1874 2832 alia
1912 2789 1979 2832 re
2018 2770 2191 2855 multi
2231 2769 2421 2830 multa

374 2868 853 2955 disputauerunt.
926 2870 1280 2952 Priusquam
1311 2872 1471 2947 enim
1503 2872 1799 2935 scholium
1826 2873 2169 2934 Plautinum
2212 2873 2418 2957 inuen-

373 2960 499 3034 tum
532 2977 714 3048 esset,
746 2974 1101 3036 coniecturis
1132 2975 1377 3054 assequi
1407 2975 1738 3051 tentabant,
1771 2975 2014 3056 quinam
2033 2979 2246 3059 =essent
2273 2973 2420 3037 socii

372 3076 461 3163 illi
482 3068 807 3156 Pisistrati,
834 3077 940 3138 alii
972 3078 1046 3139 de
1078 3077 1213 3140 aliis
1245 3079 1599 3155 cogitantes.
1645 3076 1768 3141 Sed
1795 3078 1901 3139 illo
1927 3077 2154 3139 scholio
2178 3077 2420 3138 inuento

375 3178 760 3241 difficultates
790 3198 912 3241 non
942 3180 1183 3241 omnino
1216 3186 1358 3242 sunt
1389 3184 1726 3259 superatae.
1800 3179 1958 3256 Quid
1986 3184 2185 3267 autem
2214 3195 2418 3239 recen·

375 3280 560 3342 tiores
592 3281 667 3342 de
696 3281 810 3341 hac
838 3299 904 3343 re
935 3283 1225 3356 sentiant,
1266 3282 1423 3342 infra
1453 3282 1743 3356 scribam,
1786 3282 1896 3343 sed
1926 3281 2129 3345 omnia
2158 3281 2421 3343 omnium

373 3380 597 3445 iudicia
625 3400 974 3444 enumerare
1004 3400 1197 3460 neque
1230 3400 1556 3462 possumus
1599 3383 1662 3443 in
1690 3387 1859 3444 tanta
1885 3383 2174 3445 librorum
2205 3383 2281 3443 de
2309 3383 2421 3443 hac

375 3503 441 3546 re
474 3483 833 3563 scriptorum
864 3484 1042 3563 copia
1071 3502 1265 3563 neque
1296 3502 1450 3586 opus
1483 3485 1784 3562 ducimuS,
1815 3503 1949 3549 cum
1972 3485 2175 3548 uerbis
2206 3483 2419 3563 magis,

378 3605 554 3669 quam
587 3587 900 3649 sententiis
932 3586 1292 3666 discrepent.

503 3688 595 3751 De
633 3688 750 3750 hoc
790 3690 989 3755 autem
1027 3707 1237 3751 omnes
1280 3707 1414 3751 cum
1455 3689 1819 3752 recentiores
1859 3707 1977 3750 uno
2017 3707 2123 3752 ore
2167 3707 2418 3752 consen-

377 3792 531 3853 tiant
568 3791 951 3853 Pisistratum
997 3793 1264 3853 carmina
1303 3791 1624 3854 Homerica
1660 3792 2067 3870 recensuisse,
2119 3792 2418 3869 quomodo

381 3899 443 3954 et
469 3913 573 3957 cur
602 3899 664 3955 et
694 3894 911 3972 quibus
941 3896 1176 3959 auxiliis
1209 3896 1545 3958 sententiae
1584 3895 1847 3956 uirorum
1878 3893 2187 3955 doctorum
2216 3894 2418 3953 uariae
