2692 4334
1261 267 1340 330 17

253 494 353 555 Ita
383 490 858 571 conquirendam
892 494 953 552 et
981 491 1358 569 dirigendam
1385 489 1631 552 Homeri
1661 492 1894 572 poesim
1923 491 2130 554 fuisse.
2190 490 2312 555 Ho-

255 596 621 658 mericorum
665 593 852 671 igitur
892 594 1217 654 carminum
1266 594 1542 672 exempla
1570 593 1826 655 Athenis
1857 594 2115 673 primum
2155 594 2316 656 edita

253 715 415 760 esse.
490 695 565 757 In
596 695 809 758 eodem
851 695 1007 758 libro
1038 695 1384 757 Nitzschius
1415 695 1658 757 minime
1688 697 2013 758 uerisimile
2045 696 2208 758 ducit
2236 697 2313 759 ab

255 798 649 861 Onomacrito
680 799 951 859 adiutum
981 816 1117 860 esse
1157 804 1475 876 tyrannum
1518 802 1643 858 tum
1694 804 1944 877 propter
1978 805 2315 878 temporum

254 903 556 965 rationem
596 907 724 962 tum
767 899 928 980 quod
958 899 1375 963 Onomacritus
1414 899 1595 977 longe
1635 899 1755 961 alio
1797 900 1858 961 in
1904 919 2122 979 genere
2154 906 2314 963 sata-

258 1010 461 1083 geret,
513 1021 710 1082 neque
756 1022 795 1064 a
830 1003 988 1065 Laso
1029 1035 1111 1045 —
1167 1002 1242 1065 de
1298 1020 1416 1081 quo
1457 1001 1794 1064 Kreuserus
1835 1003 2204 1080 cogitauerat
2231 1037 2315 1047 —

260 1125 459 1187 neque
491 1126 531 1167 a
560 1106 885 1181 Simonide,
919 1123 1111 1185 neque
1141 1106 1218 1167 ab
1252 1107 1653 1180 Anacreonte,
1689 1106 1798 1167 sed
1828 1124 1867 1166 a
1896 1105 2027 1167 solo
2057 1106 2315 1170 fortasse

260 1208 529 1288 Orpheo.
576 1208 800 1270 Verum
830 1208 891 1269 in
922 1214 1368 1286 programmate
1382 1202 1453 1283 ¹¹)
1485 1211 1701 1285 postea
1722 1207 1914 1269 edito:
1948 1208 2313 1286 „Scholium,

262 1311 382 1383 ait,
433 1309 772 1370 Plautinum
825 1314 1131 1389 repertum
1185 1328 1315 1370 cum
1363 1308 1684 1386 quaedam,
1741 1328 1893 1387 quae
1934 1330 2315 1389 negaueram,

268 1410 606 1473 confirmari
637 1410 697 1473 et
741 1417 933 1474 totum
962 1411 1261 1473 Pisistrati
1300 1411 1637 1472 institutum
1678 1412 1964 1474 illustrari
2004 1413 2313 1491 uidissem,

266 1512 454 1575 nihilo
507 1518 706 1575 tamen
755 1513 985 1575 minore
1038 1514 1258 1590 gaudio
1312 1513 1540 1591 excepi.
1607 1513 1792 1575 Porro
1840 1515 2076 1595 depono
2127 1516 2312 1591 illam,

265 1637 386 1696 qua
427 1635 591 1678 eram
634 1619 935 1679 sententia
975 1623 1035 1679 et
1075 1636 1150 1678 ne
1180 1617 1427 1679 Homeri
1473 1618 1715 1697 quidem
1757 1619 2021 1680 carmina
2059 1638 2099 1679 a
2124 1618 2311 1681 Pisis·

261 1726 423 1780 trato
467 1721 526 1779 in
572 1720 924 1781 sollemnem
964 1724 1199 1780 tantum
1238 1720 1677 1797 rhapsodorum
1718 1739 1922 1794 usum,
1976 1721 2083 1782 sed
2137 1721 2314 1783 simul

261 1821 588 1884 editionem
623 1822 701 1883 ad
731 1822 1052 1900 legendum
1097 1827 1366 1882 exactam
1413 1828 1595 1900 atque
1640 1822 2012 1883 commodam
2043 1828 2315 1902 paratam

265 1928 326 1984 et
344 1923 568 1984 editam
598 1942 734 1985 esse
758 1921 1104 2001 profiteor.“
1146 1923 1277 1985 Hoc
1299 1924 1418 1984 iam
1448 1924 1651 1985 libello
1676 1930 1958 2002 quattuor
1983 1924 2122 1987 illos
2152 1926 2314 1988 uiros

260 2025 570 2087 Pisistrati
622 2027 927 2087 adiutores
970 2026 1162 2100 ducit,
1219 2044 1369 2105 quos
1411 2025 1667 2104 paucula
1707 2045 1778 2086 ex
1819 2031 2034 2105 suopte
2072 2025 2314 2104 ingenio

262 2128 673 2207 interpolasse
714 2133 902 2206 putat.
974 2127 1043 2188 In
1083 2128 1259 2188 tertio
1276 2122 1345 2206 ¹²)
1397 2133 1596 2190 autem
1641 2128 1794 2190 libro
1825 2147 2018 2210 nuper
2048 2129 2312 2206 uulgat0,

262 2231 382 2292 sibi
412 2230 768 2309 persuaderi
798 2234 979 2308 negat
1007 2230 1169 2291 uiros
1199 2248 1237 2290 a
1265 2229 1584 2292 Pisistrato
1624 2230 1699 2291 ad
1750 2249 1943 2310 „opus
1982 2230 2131 2291 illud
2161 2230 2313 2291 diui-

262 2331 449 2394 num“
513 2333 817 2395 adhibitos
869 2331 1180 2411 ingeniose
1241 2333 1507 2393 carmina
1565 2333 1949 2405 immutasse,
2010 2334 2311 2411 quoniam,

264 2453 681 2515 quaecumque
704 2434 1023 2497 Homerica
1048 2435 1388 2507 habuerint,
1418 2434 1578 2496 haud
1604 2436 1939 2495 examinata
1965 2436 2028 2496 in
2060 2437 2177 2497 duo
2206 2436 2315 2497 illa

258 2536 571 2598 uolumina
600 2556 705 2599 eos
736 2537 1042 2616 recepisse
1072 2541 1386 2616 appareat.

392 2638 585 2701 Aliter
615 2639 873 2701 Ulricius
887 2634 959 2720 ¹³)
992 2641 1230 2714 statuit,
1261 2637 1623 2716 rhapsodOS,
1655 2639 1757 2716 qui
1789 2638 2061 2717 singulas
2093 2640 2305 2702 carmi·

257 2761 406 2803 num
438 2741 888 2803 Homericorum
920 2747 1126 2822 partes
1158 2759 1291 2802 cum
1321 2760 1418 2803 res
1451 2742 1860 2822 postularent,
1891 2743 1969 2803 ad
1998 2743 2310 2806 libidinem

258 2850 580 2906 conectere
613 2844 900 2920 solerent,
933 2850 1270 2906 contextum
1301 2843 1503 2905 multis
1533 2842 1729 2905 modis
1759 2846 2166 2924 perturbasse,
2195 2845 2313 2908 hoc

253 2946 442 3008 modo
462 2947 729 3007 carmina
746 2925 1042 3026 permixta
1056 2951 1117 3006 et
1127 2945 1406 3024 dispersa
1414 2946 1792 3008 Pisistratum
1808 2947 2181 3026 disposuisse
2195 2948 2309 3009 eis·

257 3066 378 3129 que
394 3049 555 3110 inter
583 3058 655 3111 se·
680 3048 1041 3127 comparatis
1070 3047 1388 3127 pristinum
1407 3049 1745 3110 restituisse
1766 3049 2055 3110 ordinem.
2089 3048 2309 3111 Plenas

258 3152 655 3231 integrasque
687 3151 978 3212 editiones
1009 3155 1253 3228 praesto
1286 3149 1339 3210 ei
1370 3150 1557 3212 fuisse
1587 3150 1911 3213 uerisimile
1942 3170 2062 3213 non
2092 3150 2308 3228 uideri,

262 3254 553 3334 quoniam
597 3254 725 3315 eius
768 3271 908 3314 cura
935 3270 1008 3313 ac
1050 3251 1309 3314 studium
1355 3271 1864 3331 superuacaneum
1893 3258 2073 3334 atque
2100 3253 2308 3317 inutile

255 3357 527 3418 futurum
572 3355 762 3416 fuerit·
802 3353 910 3416 sed
961 3354 1104 3416 alibi
1144 3356 1298 3416 tales
1337 3357 1526 3418 fuisse
1578 3375 1709 3417 cum
1749 3362 1889 3418 ante
1927 3357 2309 3419 Pisistratum

256 3458 598 3539 putandum
641 3446 799 3518 esse.
864 3456 1077 3519 Merita
1116 3462 1315 3518 autem
1355 3456 1658 3519 Pisistrati
1710 3459 1872 3537 apud
1915 3460 2079 3522 solos
2119 3460 2306 3523 Athe·

255 3561 504 3622 nienses
560 3558 826 3620 ualuisse
880 3559 1322 3639 editionemque
1373 3556 1538 3620 illam
1588 3579 1800 3638 parum
1851 3562 2119 3623 criticam
2168 3579 2307 3625 esse

259 3661 556 3724 habitam.
621 3660 905 3724 Similiter
936 3657 1374 3736 Welckerus¹⁴)
1417 3667 1623 3725 censet
1650 3661 2031 3725 Pisistratum
2061 3662 2307 3726 Homeri

365 3859 433 3924 ¹¹)
467 3865 595 3927 quod
615 3864 803 3914 laudaui
822 3865 873 3913 in
895 3878 997 3924 cap.
1023 3864 1061 3910 1.
1083 3867 1182 3912 not.
1208 3867 1291 3912 33.
1359 3857 1424 3922 ¹²)
1459 3878 1597 3926 quem
1617 3865 1868 3914 memor-aui
1886 3865 1940 3913 iu
1959 3879 2062 3929 cap.
2082 3867 2118 3915 1.
2136 3869 2235 3916 not.
2253 3868 2304 3915 ὅ.

261 3942 329 4008 ιι)
366 3949 431 3999 οἱ,
456 3962 562 4012 029.
593 3950 632 4000 Ι,
654 3953 754 3999 not.
780 3951 828 3996 2.
882 3942 950 4006 ¹⁴)
986 3947 1161 4010 episch.
1187 3948 1317 4008 Cycl-
1342 3949 1379 3994 1.
1403 3963 1451 4009 p.
1477 3950 1610 3998 376.-
